@book{abramowitz2012handbook,
   title       = {Handbook of mathematical functions: with formulas, graphs, 
                  and mathematical tables},
   author      = {Abramowitz, Milton and Stegun, Irene A},
   year        = {2012},
   publisher   = {Courier Dover Publications}
}


@inproceedings{adamic2005,
   author      = {Adamic, Lada A. and Glance, Natalie},
   title       = {The Political Blogosphere and the 2004 U.S. Election: Divided They Blog},
   booktitle   = {Proceedings of the 3rd International Workshop on Link Discovery},
   series      = {LinkKDD '05},
   year        = {2005},
   pages       = {36--43},
   numpages    = {8},
   acmid       = {1134277},
   publisher   = {ACM},
   address     = {New York, NY, USA},
}


@article{ahn2010,
   archiveprefix= {arXiv},
   author      = {Ahn, Yong-Yeol and Bagrow, James P and Lehmann, Sune},
   issn        = {0028-0836},
   journal     = {Nature},
   number      = {7307},
   pages       = {761--764},
   title       = {{Link communities reveal multiscale complexity in 
                  networks.}},
   volume      = {466},
   year        = {2010}
}


@article{ahrens2013,
   author      = {Ahrens, Misha B and Orger, Michael B and Robson, Drew N and Li, Jennifer M and Keller, Philipp J},
   issn        = {1548-7105},
   journal     = {Nat Methods},
   number      = {5},
   pages       = {413--420},
   title       = {{Whole-brain functional imaging at cellular resolution using light-sheet microscopy}},
   volume      = {10},
   year        = {2013}
}


@article{alba1973,
   author      = {Alba, Richard D.},
   issn        = {0022-250X},
   journal     = {J. Math. Sociol.},
   number      = {1},
   pages       = {113--126},
   title       = {{A graph-theoretic definition of a sociometric clique}},
   volume      = {3},
   year        = {1973}
}


@article{Albert2002,
   archiveprefix= {arXiv},
   arxivid     = {arXiv:cond-mat/0106096v1},
   author      = {Albert, Reka and Barabasi, Albert Laszlo},
   eprint      = {0106096v1},
   issn        = {1478-3967},
   journal     = {Rev. Mod. Phys.},
   number      = {1},
   pages       = {47--97},
   primaryclass= {arXiv:cond-mat},
   title       = {{Statistical mechanics of complex networks}},
   volume      = {74},
   year        = {2002}
}


@article{aldecoa2011,
   author      = {Aldecoa, Rodrigo and Mar\'{\i}n, Ignacio},
   issn        = {1932-6203},
   journal     = {PLoS {ONE}},
   number      = {9},
   pages       = {e24195},
   title       = {{Deciphering network community structure by surprise.}},
   volume      = {6},
   year        = {2011}
}


@article{aldecoa2013,
   author      = {Aldecoa, Rodrigo and Mar\'{\i}n, Ignacio},
   issn        = {2045-2322},
   journal     = {Sci. Rep.},
   pages       = {1060},
   title       = {{Surprise maximization reveals the community structure of 
                  complex networks.}},
   volume      = {3},
   year        = {2013}
}


@article{aldecoa2014,
   author      = {Aldecoa, Rodrigo and Mar\'{\i}n, Ignacio},
   journal     = {Bioinformatics},
   number      = {7},
   pages       = {1041--1042},
   publisher   = {Oxford University Press},
   title       = {{SurpriseMe: an integrated tool for network community 
                  structure characterization using Surprise maximization}},
   volume      = {30},
   year        = {2014}
}


@article{alexander-bloch2010,
   author      = {Alexander-Bloch, Aaron F and Gogtay, Nitin and Meunier, 
                  David and Birn, Rasmus and Clasen, Liv and Lalonde, 
                  Francois and Lenroot, Rhoshel and Giedd, Jay and Bullmore, 
                  Edward T},
   issn        = {1662-5137},
   journal     = {Front. Syst. Neurosci.},
   number      = {October},
   pages       = {147},
   title       = {{Disrupted modularity and local connectivity of brain 
                  functional networks in childhood-onset schizophrenia.}},
   volume      = {4},
   year        = {2010}
}


@article{alexander-bloch2012,
   author      = {Alexander-Bloch, Aaron and Lambiotte, Renaud and Roberts, Ben and Giedd, Jay and Gogtay, Nitin and Bullmore, Ed},
   issn        = {10538119},
   journal     = {Neuroimage},
   number      = {4},
   pages       = {3889--3900},
   title       = {{The discovery of population differences in network community structure: New methods and applications to brain functional networks in schizophrenia}},
   volume      = {59},
   year        = {2012}
}


@article{alexander-bloch2013,
   author      = {Alexander-Bloch, Aaron F. and V{\'{e}}rtes, Petra E. and Stidd, Reva and Lalonde, Fran{\c{c}}ois and Clasen, Liv and Rapoport, Judith and Giedd, Jay and Bullmore, Edward T. and Gogtay, Nitin},
   issn        = {10473211},
   journal     = {Cereb. Cortex},
   number      = {1},
   pages       = {127--138},
   title       = {{The anatomical distance of functional connections predicts brain network topology in health and schizophrenia}},
   volume      = {23},
   year        = {2013}
}


@article{alnaes2015,
   title       = {Attentional load modulates large-scale functional brain connectivity beyond the core attention networks},
   author      = {Alnaes, Dag and Kaufmann, Tobias and Richard, Genevi{\`e}ve and Duff, Eugene P and Sneve, Markus H and Endestad, Tor and Nordvik, Jan Egil and Andreassen, Ole A and Smith, Stephen M and Westlye, Lars T},
   journal     = {Neuroimage},
   volume      = {109},
   pages       = {260--272},
   year        = {2015},
   publisher   = {Elsevier}
}


@article{amunts2016,
   title       = {The Human Brain Project: Creating a European Research Infrastructure to Decode the Human Brain},
   author      = {Amunts, Katrin and Ebell, Christoph and Muller, Jeff and Telefont, Martin and Knoll, Alois and Lippert, Thomas},
   journal     = {Neuron},
   volume      = {92},
   number      = {3},
   pages       = {574--581},
   year        = {2016},
   publisher   = {Elsevier}
}


@article{anderson2013,
   author      = {Anderson, Ariana and Cohen, Mark S},
   issn        = {1662-5161},
   journal     = {Front. Hum. Neurosci.},
   number      = {September},
   pages       = {520},
   title       = {{Decreased small-world functional network connectivity and clustering across resting state networks in schizophrenia: an fMRI classification tutorial.}},
   volume      = {7},
   year        = {2013}
}


@article{antoniou2008,
   author      = {Antoniou, I. E. and Tsompa, E. T.},
   issn        = {1026-0226},
   journal     = {Discrete Dynamics in Nature and Society},
   pages       = {1--16},
   title       = {{Statistical Analysis of Weighted Networks}},
   volume      = {2008},
   year        = {2008}
}


@article{arenas2008,
   author      = {Arenas, A and Fern\'{a}ndez, A and G\'{o}mez, S},
   journal     = {New J. Phys.},
   number      = {5},
   pages       = {53039},
   title       = {{Analysis of the structure of complex networks at 
                  different resolution levels}},
   volume      = {10},
   year        = {2008}
}


@article{arnauvmarss2005,
   author      = {Arnau, Vicente and Mars, Sergio and Mar\'{\i}n, I.},
   issn        = {1367-4803},
   journal     = {Bioinformatics},
   number      = {3},
   pages       = {364--378},
   title       = {{Iterative Cluster Analysis of Protein Interaction Data}},
   volume      = {21},
   year        = {2005}
}


@article{baddeley2003,
   author      = {Baddeley, Alan},
   issn        = {1471-003X},
   journal     = {Nat. Rev. Neurosci.},
   pages       = {829--839},
   title       = {{Working memory: looking back and looking forward.}},
   volume      = {4},
   year        = {2003}
}


@article{balenzuela2010,
   author      = {Balenzuela, Pablo and Chernomoretz, Ariel and Fraiman, 
                  Daniel and Cifre, Ignacio and Sitges, Carol and Montoya, 
                  Pedro and Chialvo, Dante R},
   issn        = {1662-5196},
   journal     = {Front. Neuroinform.},
   number      = {November},
   pages       = {116},
   title       = {{Modular organization of brain resting state networks in 
                  chronic back pain patients.}},
   volume      = {4},
   year        = {2010}
}


@article{ball2014,
   author      = {Ball, Gareth and Aljabar, Paul and Zebari, Sally and Tusor, Nora and Arichi, Tomoki and Merchant, Nazakat and Robinson, Emma C and Ogundipe, Enitan and Rueckert, Daniel and Edwards, a David and Counsell, Serena J},
   file        = {:home/carlo/Documents/MendeleyLibrary/Ball et al/Proceedings of the National Academy of Sciences of the United States of America/Ball et al. - Rich-club organization of the newborn human brain. - 2014.pdf:pdf},
   issn        = {1091-6490},
   journal     = {Proc. Natl. Acad. Sci. U. S. A.},
   number      = {20},
   pages       = {7456-7461},
   title       = {{Rich-club organization of the newborn human brain.}},
   volume      = {111},
   year        = {2014}
}


@article{barabasi1999,
   archiveprefix= {arXiv},
   arxivid     = {cond-mat/9910332},
   author      = {Barabasi, Albert-L{\'{a}}szl{\'{o}} and Albert, R{\'{e}}ka 
                  and Gallagher, R. and Appenzeller, T. and Albert, R. and 
                  Jeong, H. and Barab{\'{a}}si, A.-L. and Barab{\'{a}}si, 
                  A.-L. and Albert, R. and Jeong, H. and R{\'{e}}nyi, A. and 
                  Lawrence, S. and Giles, C. L. and Huberman, B. A. and 
                  Adamic, L. A. and Huberman, B. A. and Pirolli, P. L. T. and 
                  Pitkow, J. E. and Lukose, R. J. and Watts, D. J. and 
                  Strogatz, S. H. and Redner, S. and Milgram, S. and 
                  Barth{\'{e}}l{\'{e}}my, M. and Amaral, L. A. N. and Arthur, 
                  W. B. and Banavar, J. R. and Maritan, A. and Rinaldo, A.},
   eprint      = {9910332},
   issn        = {1095-9203},
   journal     = {Science},
   number      = {5439},
   pages       = {509-512},
   primaryclass= {cond-mat},
   title       = {{Emergence of scaling in random networks}},
   volume      = {286},
   year        = {1999}
}


@article{bardella2016a,
   author      = {Bardella, Giampiero and Bifone, Angelo and Gabrielli, 
                  Andrea and Gozzi, Alessandro and Squartini, Tiziano},
   eprint      = {1601.07574},
   issn        = {2045-2322},
   journal     = {Sci. Rep.},
   number      = {August},
   pages       = {32060},
   publisher   = {Nature Publishing Group},
   title       = {{Hierarchical organization of functional connectivity in 
                  the mouse brain: a complex network approach}},
   volume      = {6},
   year        = {2016}
}


@article{barrat2004,
   author      = {Barrat, a and Barth\'{e}lemy, M and Pastor-Satorras, R and 
                  Vespignani, a},
   issn        = {0027-8424},
   journal     = {Proc. Natl. Acad. Sci. U.S.A.},
   number      = {11},
   pages       = {3747-3752},
   title       = {{The architecture of complex weighted networks.}},
   volume      = {101},
   year        = {2004}
}


@article{bassett2006,
   archiveprefix= {arXiv},
   arxivid     = {arXiv:1608.05665v1},
   author      = {Bassett, D S and Bullmore, E},
   eprint      = {arXiv:1608.05665v1},
   issn        = {1073-8584},
   journal     = {Neuroscientist},
   number      = {6},
   pages       = {512--523},
   title       = {{Small-world brain networks}},
   volume      = {12},
   year        = {2006}
}


@article{bassett2008,
   author      = {Bassett, Danielle S. and Bullmore, Edward and Verchinski, Beth A. and Mattay, Venkata S. and Weinberger, Daniel R. and Meyer-Lindenberg, Andreas},
   issn        = {1529-2401},
   journal     = {J. Neurosci.},
   number      = {37},
   pages       = {9239-9248},
   title       = {{Hierarchical organization of human cortical networks in health and schizophrenia.}},
   volume      = {28},
   year        = {2008}
}


@article{bassett2010,
  title={Efficient physical embedding of topologically complex information processing networks in brains and computer circuits},
  author={Bassett, Danielle S and Greenfield, Daniel L and Meyer-Lindenberg, Andreas and Weinberger, Daniel R and Moore, Simon W and Bullmore, Edward T},
  journal={PLoS Comput Biol},
  volume={6},
  number={4},
  pages={e1000748},
  year={2010},
  publisher={Public Library of Science}
}

@article{beckmann2004,
   author      = "Beckmann, Christian F. and Smith, Stephen M.",
   title       = "Probabilistic {I}ndependent {C}omponent {A}nalysis for 
{F}unctional {M}agnetic {R}esonance {I}maging",
   journal     = "{IEEE} {T}ransactions on {M}edical {I}maging",
   volume      = "23",
   number      = "2",
   pages       = "137-152",
   year        = "2004"
}


@article{beckmann2005,
   author      = {Beckmann, Christian F and DeLuca, Marilena and Devlin, 
                  Joseph T and Smith, Stephen M},
   issn        = {0962-8436},
   journal     = {Philos. Trans. R. Soc. Lond. B. Biol. Sci.},
   pages       = {1001--1013},
   title       = {{Investigations into resting-state connectivity using 
                  independent component analysis.}},
   volume      = {360},
   year        = {2005}
}


@misc{beckmann2012,
   author      = {Beckmann, Christian F.},
   booktitle   = {Neuroimage},
   issn        = {10538119},
   number      = {2},
   pages       = {891--901},
   title       = {{Modelling with independent components}},
   volume      = {62},
   year        = {2012}
}


@article{berry2011,
   author      = {Berry, Jonathan W. and Hendrickson, Bruce and LaViolette, 
                  Randall a. and Phillips, Cynthia a.},
   issn        = {1539-3755},
   journal     = {Phys. Rev. E},
   number      = {5},
   pages       = {056119},
   title       = {{Tolerating the community detection resolution limit with 
                  edge weighting}},
   volume      = {83},
   year        = {2011}
}


@article{bianconi2014,
   author      = {Bianconi, Ginestra and Darst, Richard K. and Iacovacci, 
                  Jacopo and Fortunato, Santo},
   issn        = {15502376},
   journal     = {Phys. Rev. E},
   number      = {4},
   title       = {{Triadic closure as a basic generating mechanism of 
                  communities in complex networks}},
   volume      = {90},
   year        = {2014}
}


@article{bickart2014,
   author      = {Bickart, Kevin C and Dickerson, Bradford C and Barrett, 
                  Lisa Feldman},
   issn        = {1873-3514},
   journal     = {Neuropsychologia},
   pages       = {235-248},
   publisher   = {Elsevier},
   title       = {{The amygdala as a hub in brain networks that support 
                  social life.}},
   volume      = {63},
   year        = {2014}
}


@article{biswal1995,
   author      = {Biswal, B and {Zerrin Yetkin}, F and Haughton, V M and 
                  Hyde, J S},
   issn        = {1522-2594},
   journal     = {Magn. Reson. Med.},
   pages       = {537--541},
   title       = {{Functional connectivity in the motor cortex of resting 
                  human brain using echo-planar mri}},
   volume      = {34},
   year        = {1995}
}


@misc{biswal2012,
   author      = {Biswal, Bharat B.},
   booktitle   = {Neuroimage},
   issn        = {10538119},
   number      = {2},
   pages       = {938--944},
   title       = {{Resting state fMRI: A personal history}},
   volume      = {62},
   year        = {2012}
}


@book{bleuler1911,
   author      = {Bleuler, Eugen},
   booktitle   = {Vertex},
   issn        = {0095-8891},
   number      = {93},
   pages       = {394--400},
   title       = {{Dementia praecox or the group of schizophrenias}},
   volume      = {21},
   year        = {1911}
}


@article{blondel2008,
   author      = {Blondel, Vincent D and Guillaume, Jean-loup and Lambiotte, 
                  Renaud and Lefebvre, Etienne},
   issn        = {1742-5468},
   journal     = {Journal of Statistical Mechanics: Theory and Experiment},
   number      = {10},
   pages       = {P10008},
   title       = {{Fast unfolding of communities in large networks}},
   volume      = {2008},
   year        = {2008}
}


@article{bogolubsky2006,
   author      = {Bogolubsky, A. I. and Skorokhodov, S. L.},
   issn        = {0361-7688},
   journal     = {Programming and Computer Software},
   number      = {3},
   pages       = {145--153},
   title       = {{Fast evaluation of the hypergeometric function
   $pF_{p-1}(a;b;z)$ at the singular point $z= 1$ by means of 
                  the Hurwitz zeta function $\zeta(\alpha, s)$ }},
   volume      = {32},
   year        = {2006}
}


@book{bollobas2009,
   author      = {Bollob{\'{a}}s, B{\'{e}}la and Kozma, R and Mikl{\'{o}}s, 
                  D and T{\'{a}}rsulat, Bjm},
   booktitle   = {Book},
   title       = {{Handbook of large-scale random networks}},
   year        = {2009}
}


@article{bongard2011,
   author      = {Bongard, J C},
   journal     = {Gecco-2011 Proc. 13th Annu. Genet. Evol. Comput. Conf.},
   pages       = {251--258},
   title       = {{Spontaneous Evolution of Structural Modularity in Robot Neural Network Controllers}},
   year        = {2011}
}


@article{braff1990,
   author      = {Braff, D L and Geyer, M A},
   issn        = {0003-990X},
   journal     = {Arch. Gen. Psychiatry},
   number      = {2},
   pages       = {181--188},
   title       = {{Sensorimotor gating and schizophrenia. Human and animal model studies.}},
   volume      = {47},
   year        = {1990}
}


@phdthesis{browet2014,
   author      = {Browet, Arnaud},
   booktitle   = {PhD Thesis},
   file        = {:home/carlo/Documents/MendeleyLibrary/Browet/PhD Thesis/Browet - Algorithms for community and role detection in networks - 2014.pdf:pdf},
   school      = {Universit{\`{e}} catholique de Louvain},
   title       = {{Algorithms for community and role detection in networks}},
   type        = {Phd Thesis},
   year        = {2014}
}


@article{brown2012,
   author      = {Brown, Jesse A and Rudie, Jeffrey D and Bandrowski, Anita and {Van Horn}, John D and Bookheimer, Susan Y},
   issn        = {1662-5196},
   journal     = {Front. Neuroinform.},
   number      = {NOV},
   pages       = {28},
   title       = {{The UCLA multimodal connectivity database: a web-based platform for brain connectivity matrix sharing and analysis.}},
   volume      = {6},
   year        = {2012}
}


@misc{buckner2008,
   author      = {Buckner, Randy L. and Andrews-Hanna, Jessica R. and 
                  Schacter, Daniel L.},
   booktitle   = {Ann. N. Y. Acad. Sci.},
   issn        = {00778923},
   pages       = {1--38},
   title       = {{The brain's default network: Anatomy, function, and 
                  relevance to disease}},
   volume      = {1124},
   year        = {2008}
}


@article{buckner2009,
   author      = {Buckner, R L and Sepulcre, J and Talukdar, T and Krienen, 
                  F M and Liu, H and Hedden, T and Andrews-Hanna, J R and 
                  Sperling, R A and Johnson, K A},
   issn        = {0270-6474},
   journal     = {J Neurosci.},
   number      = {6},
   pages       = {1860--1873},
   title       = {{Cortical hubs revealed by intrinsic functional 
                  connectivity: mapping, assessment of stability, and 
                  relation to Alzheimer's disease}},
   volume      = {29},
   year        = {2009}
}


@misc{buhring1992,
   author      = {Buhring, Wolfgang},
   booktitle   = {Proc. Amer. Math. Soc},
   issn        = {0002-9939},
   pages       = {145--145},
   title       = {{Generalized hypergeometric functions at unit argument}},
   volume      = {114},
   year        = {1992}
}


@inproceedings{bullmore1998,
   author      = {Bullmore, Edward T. and Woodruff, Peter W R and Wright, Ian C. and Rabe-Hesketh, Sophia and Howard, Robert J. and Shuriquie, Nasser and Murray, Robin M.},
   booktitle   = {Schizophr. Res.},
   issn        = {09209964},
   number      = {2},
   pages       = {127--135},
   title       = {{Does dysplasia cause anatomical dysconnectivity in schizophrenia?}},
   volume      = {30},
   year        = {1998}
}


@article{bullmore2009,
   author      = {Bullmore, Ed and Sporns, Olaf},
   issn        = {1471-0048},
   journal     = {Nat. Rev. Neurosci.},
   number      = {3},
   pages       = {186-198},
   title       = {{Complex brain networks: graph theoretical analysis of 
                  structural and functional systems.}},
   volume      = {10},
   year        = {2009}
}


@article{calhoun2001,
   author      = "Calhoun, Vince D. and Adali, T{\"{u}}lay. and Pearlson, 
                  Godfrey D. and Pekar, Jim J.",
   title       = "A method for making group inferences from functional MRI 
                  data using independent component analysis.",
   journal     = "Human brain mapping",
   volume      = "14",
   number      = "3",
   pages       = "140-151",
   year        = "2001"
}


@article{calhoun2009,
   author      = {Calhoun, V D and Eichele, T and Pearlson, G},
   issn        = {1662-5161},
   journal     = {Front. Hum. Neurosci.},
   number      = {August},
   pages       = {17},
   title       = {{Functional brain networks in schizophrenia: a review}},
   volume      = {3},
   year        = {2009}
}


@article{callaway2000,
   archiveprefix= {arXiv},
   arxivid     = {cond-mat/0007300},
   author      = {Callaway, Duncan S. and Newman, M. E J and Strogatz, 
                  Steven H. and Watts, Duncan J.},
   issn        = {00319007},
   journal     = {Phys. Rev. Lett.},
   number      = {25},
   pages       = {5468--5471},
   primaryclass= {cond-mat},
   title       = {{Network robustness and fragility: percolation on random 
                  graphs}},
   volume      = {85},
   year        = {2000}
}


@article{cavanna2006,
   author      = {Cavanna, Andrea E. and Trimble, Michael R.},
   issn        = {1460-2156},
   journal     = {Brain},
   number      = {Pt 3},
   pages       = {564--583},
   title       = {{The precuneus: a review of its functional anatomy and 
                  behavioural correlates.}},
   volume      = {129},
   year        = {2006}
}


@article{cetin2014,
   title       = "Thalamus and posterior temporal lobe show greater 
                  inter-network connectivity at rest and across sensory 
                  paradigms in schizophrenia ",
   journal     = "NeuroImage ",
   volume      = "97",
   number      = "",
   pages       = "117 - 126",
   year        = "2014",
   author      = "Mustafa S. \c{C}etin and Fletcher Christensen and 
                  Christopher C. Abbott and Julia M. Stephen and Andrew R. 
                  Mayer and José M. Cañive and Juan R. Bustillo and Godfrey 
                  D. Pearlson and Vince D. Calhoun"
}


@article{chen2013,
   author      = {Chen, Ashley C and Etkin, Amit},
   issn        = {1740-634X},
   journal     = {Neuropsychopharmacology},
   number      = {10},
   pages       = {1889-1898},
   title       = {{Hippocampal network connectivity and activation 
                  differentiates post-traumatic stress disorder from 
                  generalized anxiety disorder.}},
   volume      = {38},
   year        = {2013}
}


@article{Cheng2015,
   author      = {Cheng, Hu and Newman, Sharlene and Go{\~{n}}i, Joaqu{\'{i}}n and Kent, Jerillyn S. and Howell, Josselyn and Bolbecker, Amanda and Puce, Aina and O'Donnell, Brian F. and Hetrick, William P.},
   issn        = {15732509},
   journal     = {Schizophr. Res.},
   number      = {1-2},
   pages       = {345--352},
   title       = {{Nodal centrality of functional network in the differentiation of schizophrenia}},
   volume      = {168},
   year        = {2015}
}


@article{chvatal1979,
   title       = "The tail of the hypergeometric distribution ",
   journal     = "Discrete Mathematics ",
   volume      = "25",
   number      = "3",
   pages       = "285 - 287",
   year        = "1979",
   issn        = "0012-365X",
   author      = "V. Chvátal"
}


@article{clauset2004,
   title       = {Finding community structure in very large networks},
   author      = {Clauset, Aaron and Newman, M. E. J. and Moore, 
                  Cristopher},
   journal     = {Phys. Rev. E},
   volume      = {70},
   issue       = {6},
   pages       = {066111},
   numpages    = {6},
   year        = {2004},
   publisher   = {American Physical Society}
}


@misc{cobre,
   title       = {COINS},
   howpublished= {\url{http://coins.mrn.org/dx}}
}


@article{cole2010,
   author      = {Cole, David M and Smith, Stephen M and Beckmann, Christian 
                  F},
   issn        = {1662-5137},
   journal     = {Front. Syst. Neurosci.},
   pages       = {8},
   title       = {{Advances and pitfalls in the analysis and interpretation 
                  of resting-state FMRI data.}},
   volume      = {4},
   year        = {2010}
}


@article{coleman1964,
   title       = {Introduction to mathematical sociology.},
   author      = {Coleman, James Samuel and others},
   journal     = {London Free Press Glencoe.},
   year        = {1964}
}


@article{collin2014,
   title       = {Structural and functional aspects relating to cost and 
                  benefit of rich club organization in the human cerebral 
                  cortex},
   author      = {Collin, Guusje and Sporns, Olaf and Mandl, Ren{\'e} CW and 
                  van den Heuvel, Martijn P},
   journal     = {Cerebral cortex},
   volume      = {24},
   number      = {9},
   pages       = {2258--2267},
   year        = {2014},
   publisher   = {Oxford Univ Press}
}


@article{collin2014impaired,
   title       = {Impaired rich club connectivity in unaffected siblings of 
                  schizophrenia patients},
   author      = {Collin, Guusje and Kahn, Ren{\'e} S and de Reus, Marcel A 
                  and Cahn, Wiepke and van den Heuvel, Martijn P},
   journal     = {Schizophrenia bulletin},
   volume      = {40},
   number      = {2},
   pages       = {438--448},
   year        = {2014},
   publisher   = {MPRC}
}


@article{condon2000,
   author      = {Condon, Anne and Karp, Richard M},
   file        = {:home/carlo/Documents/MendeleyLibrary/Condon, 
                  Karp/Electrical Engineering/Condon, Karp - on the Planted 
                  Partition Model - 2000.pdf:pdf},
   journal     = {Electr. Eng.},
   pages       = {116--140},
   title       = {{on the Planted Partition Model}},
   year        = {2000}
}


@article{cordes2000,
   author      = {Cordes, D. and Haughton, V. M. and Arfanakis, K. and Wendt, G. J. and Turski, P. A. and Moritz, C. H. and Quigley, M. A. and Meyerand, M. E.},
   issn        = {01956108},
   journal     = {Am. J. Neuroradiol.},
   number      = {9},
   pages       = {1636--1644},
   title       = {{Mapping functionally related regions of brain with functional connectivity MR imaging}},
   volume      = {21},
   year        = {2000}
}


@article{cordes2001,
   author      = {Cordes, D. and Haughton, V. M. and Arfanakis, K. and Carew, J. D. and Turski, P. A. and Moritz, C. H. and Quigley, M. A. and Meyerand, M. E.},
   issn        = {01956108},
   journal     = {Am. J. Neuroradiol.},
   number      = {7},
   pages       = {1326--1333},
   title       = {{Frequencies contributing to functional connectivity in the cerebral cortex in "resting-state" data}},
   volume      = {22},
   year        = {2001}
}


@article{cordes2002,
   author      = {Cordes, Dietmar and Haughton, Vic and Carew, John D. and Arfanakis, Konstantinos and Maravilla, Ken},
   issn        = {0730725X},
   journal     = {Magn. Reson. Imaging},
   number      = {4},
   pages       = {305--317},
   title       = {{Hierarchical clustering to measure connectivity in fMRI resting-state data}},
   volume      = {20},
   year        = {2002}
}


@book{cover2006,
   author      = {Cover, Thomas M. and Thomas, Joy A.},
   title       = {Elements of Information Theory (Wiley Series in 
                  Telecommunications and Signal Processing)},
   year        = {2006},
   publisher   = {Wiley-Interscience}
}


@article{crossley2013a,
   author      = {Crossley, N A and Mechelli, A and Vertes, P E and 
                  Winton-Brown, T T and Patel, A X and Ginestet, C E and 
                  McGuire, P and Bullmore, E T},
   journal     = {Proc. Natl. Acad. Sci. U.S.A.},
   number      = {38},
   pages       = {11583--11588},
   title       = {{Cognitive relevance of the community structure of the 
                  human brain functional coactivation network}},
   volume      = {110},
   year        = {2013}
}


@article{crossley2013b,
   author      = {Crossley, Nicolas A and Mechelli, Andrea and V\'{e}rtes, 
                  Petra E and Toby, T and Patel, Ameera X and Ginestet, 
                  Cedric E and Winton-brown, Toby T},
   journal     = {Proc. Natl. Acad. Sci. U.S.A.},
   number      = {38},
   pages       = {1--10},
   title       = {{Cognitive relevance of the community structure of the 
                  human brain functional coactivation network (Supplementary 
                  material)}},
   volume      = {110},
   year        = {2013}
}


@article{crossley2014,
   author      = {Crossley, Nicolas A. and Mechelli, Andrea and Scott, 
                  Jessica and Carletti, Francesco and Fox, Peter T. and 
                  Mcguire, Philip and Bullmore, Edward T.},
   issn        = {14602156},
   journal     = {Brain},
   number      = {8},
   pages       = {2382--2395},
   title       = {{The hubs of the human connectome are generally implicated 
                  in the anatomy of brain disorders}},
   volume      = {137},
   year        = {2014}
}


@article{damoiseaux2006,
   author      = {Damoiseaux, J S and Rombouts, S A R B and Barkhof, F and 
                  Scheltens, P and Stam, C J and Smith, S M and Beckmann, C 
                  F},
   issn        = {0027-8424},
   journal     = {Proc. Natl. Acad. Sci. U.S.A.},
   pages       = {13848--13853},
   title       = {{Consistent resting-state networks across healthy 
                  subjects.}},
   volume      = {103},
   year        = {2006}
}


@article{danon2005,
   archiveprefix= {arXiv},
   arxivid     = {cond-mat/0505245},
   author      = {Danon, L and D{\'{i}}az-Guilera, A and Duch, J and Arenas, 
                  A},
   issn        = {1742-5468},
   journal     = {J. Stat. Mech. Theory Exp.},
   number      = {9},
   pages       = {219--228},
   title       = {{Comparing community structure identification}},
   volume      = {09008},
   year        = {2005}
}


@misc{deco2008,
   author      = {Deco, Gustavo and Jirsa, Viktor K. and Robinson, Peter A. and Breakspear, Michael and Friston, Karl},
   booktitle   = {PLoS Comput. Biol.},
   issn        = {1553734X},
   number      = {8},
   title       = {{The dynamic brain: From spiking neurons to neural masses and cortical fields}},
   volume      = {4},
   year        = {2008}
}


@article{deco2015,
   author      = {Deco, Gustavo and Tononi, Giulio and Boly, Melanie and Kringelbach, Morten L},
   file        = {:home/carlo/Documents/MendeleyLibrary/Deco et al/Nature reviews. Neuroscience/Deco et al. - Rethinking segregation and integration contributions of whole-brain modelling. - 2015.pdf:pdf},
   issn        = {1471-0048},
   journal     = {Nat. Rev. Neurosci.},
   number      = {7},
   pages       = {430--439},
   publisher   = {Nature Publishing Group},
   title       = {{Rethinking segregation and integration: contributions of whole-brain modelling.}},
   volume      = {16},
   year        = {2015}
}


@article{deluca2006,
   author      = {{De Luca}, M and Beckmann, C F and {De Stefano}, N and 
                  Matthews, P M and Smith, S M},
   issn        = {1053-8119},
   journal     = {Neuroimage},
   number      = {4},
   pages       = {1359-1367},
   title       = {{fMRI resting state networks define distinct modes of 
                  long-distance interactions in the human brain.}},
   volume      = {29},
   year        = {2006}
}


@article{dereus2013a,
   author      = {de Reus, Marcel a and van den Heuvel, Martijn P},
   issn        = {1529-2401},
   journal     = {J. Neurosci.},
   number      = {32},
   pages       = {12929-12939},
   title       = {{Rich club organization and intermodule communication in 
                  the cat connectome.}},
   volume      = {33},
   year        = {2013}
}


@article{dombeck2010,
   author      = {Dombeck, Daniel A and Harvey, Christopher D and Tian, Lin and Looger, Loren L and Tank, David W},
   file        = {:home/carlo/Documents/MendeleyLibrary/Dombeck et al/Nature neuroscience/Dombeck et al. - Functional imaging of hippocampal place cells at cellular resolution during virtual navigation. - 2010.pdf:pdf},
   issn        = {1546-1726},
   journal     = {Nat. Neurosci.},
   number      = {11},
   pages       = {1433-1440},
   title       = {{Functional imaging of hippocampal place cells at cellular resolution during virtual navigation.}},
   volume      = {13},
   year        = {2010}
}


@article{doucet2011,
   author      = {Doucet, Ga{\"{e}}lle and Naveau, Mika{\"{e}}l and Petit, Laurent and Delcroix, Nicolas and Zago, Laure and Crivello, Fabrice and Jobard, Ga{\"{e}}l and Tzourio-Mazoyer, Nathalie and Mazoyer, Bernard and Mellet, Emmanuel and Joliot, Marc},
   file        = {:home/carlo/Documents/MendeleyLibrary/Doucet et al/Journal of neurophysiology/Doucet et al. - Brain activity at rest a multiscale hierarchical functional organization. - 2011.pdf:pdf},
   issn        = {1522-1598},
   journal     = {J. Neurophysiol.},
   number      = {6},
   pages       = {2753-2763},
   title       = {{Brain activity at rest: a multiscale hierarchical functional organization.}},
   volume      = {105},
   year        = {2011}
}


@article{eguiluz2005,
   archiveprefix= {arXiv},
   arxivid     = {cond-mat/0309092},
   author      = {Egu\'{\i}luz, Victor and Chialvo, Dante and Cecchi, 
                  Guillermo and Baliki, Marwan and Apkarian, A.V.},
   issn        = {0031-9007},
   journal     = {Phys. Rev. Lett.},
   pages       = {18102},
   primaryclass= {cond-mat},
   title       = {{Scale-Free Brain Functional Networks}},
   volume      = {94},
   year        = {2005}
}


@article{ellison-wright2009,
   author      = {Ellison-Wright, Ian and Bullmore, Ed},
   issn        = {09209964},
   journal     = {Schizophr. Res.},
   number      = {1-3},
   pages       = {3--10},
   title       = {{Meta-analysis of diffusion tensor imaging studies in schizophrenia}},
   volume      = {108},
   year        = {2009}
}


@article{erdos1959,
   archiveprefix= {arXiv},
   arxivid     = {1205.2923},
   author      = {Erd{\"{o}}s, P and R{\'{e}}nyi, a},
   eprint      = {1205.2923},
   issn        = {00029947},
   journal     = {Publ. Math.},
   pages       = {290--297},
   title       = {{On random graphs}},
   volume      = {6},
   year        = {1959}
}


@book{estrada2011,
   author      = {Estrada, Ernesto},
   title       = {The Structure of Complex Networks: Theory and 
                  Applications},
   year        = {2011},
   publisher   = {Oxford University Press, Inc.},
   address     = {New York, NY, USA}
}


@article{eustace2015,
   author      = {Eustace, J and Wang, X Y and Cui, Y Z},
   issn        = {03784371},
   journal     = {Phys. a-Statistical Mech. Its Appl.},
   pages       = {665--677},
   publisher   = {Elsevier B.V.},
   title       = {{Community detection using local neighborhood in complex 
                  networks}},
   volume      = {436},
   year        = {2015}
}


@article{evans2013,
   author      = {Evans, Alan C.},
   issn        = {10538119},
   journal     = {Neuroimage},
   pages       = {489--504},
   title       = {{Networks of anatomical covariance}},
   volume      = {80},
   year        = {2013}
}


@article{fair2009,
   author      = {Fair, Damien A and Cohen, Alexander L and Power, Jonathan D and Dosenbach, Nico U F and Church, Jessica A and Miezin, Francis M and Schlaggar, Bradley L and Petersen, Steven E},
   journal     = {PLOS Comput. Biol.},
   number      = {5},
   pages       = {1--14},
   publisher   = {Public Library of Science},
   title       = {{Functional Brain Networks Develop from a “Local to Distributed” Organization}},
   volume      = {5},
   year        = {2009}
}


@article{fanselow2010,
   author      = {Fanselow, Michael S and Dong, Hong-Wei},
   issn        = {08966273},
   journal     = {Neuron},
   pages       = {7--19},
   title       = {{Are the dorsal and ventral hippocampus functionally 
                  distinct structures?}},
   volume      = {65},
   year        = {2010}
}


@article{felleman1991,
   author      = {Felleman, Daniel J. and {Van Essen}, David C.},
   issn        = {14602199},
   journal     = {Cereb. Cortex},
   number      = {1},
   pages       = {1--47},
   title       = {{Distributed hierarchical processing in the primate cerebral cortex}},
   volume      = {1},
   year        = {1991}
}


@book{feller1968,
   title       = {An introduction to probability theory and its 
                  applications: volume I},
   author      = {Feller, William},
   volume      = {3},
   year        = {1968},
   publisher   = {John Wiley \& Sons London-New York-Sydney-Toronto}
}


@incollection{fleck2014,
   year        = {2014},
   booktitle   = {SOFSEM 2014: Theory and Practice of Computer Science},
   volume      = {8327},
   series      = {Lecture Notes in Computer Science},
   editor      = {Geffert, Viliam and Preneel, Bart and Rovan, Branislav and 
Štuller, Július and Tjoa, AMin},
   title       = {Graph Clustering with Surprise: Complexity and Exact 
                  Solutions},
   publisher   = {Springer International Publishing},
   author      = {Fleck, Tobias and Kappes, Andrea and Wagner, Dorothea},
   pages       = {223-234}
}


@article{fornito2009,
   author      = {Fornito, Alex and Y{\"{u}}cel, Murat and Pantelis, Christos},
   issn        = {1473-6578},
   journal     = {Curr. Opin. Psychiatry},
   number      = {3},
   pages       = {312--319},
   title       = {{Reconciling neuroimaging and neuropathological findings in schizophrenia and bipolar disorder.}},
   volume      = {22},
   year        = {2009}
}


@article{fornito2010,
   author      = {Fornito, Alex and Zalesky, Andrew and Bullmore, Edward T},
   issn        = {1662-5137},
   journal     = {Frontiers in systems neuroscience},
   number      = {June},
   pages       = {22},
   title       = {{Network scaling effects in graph analytic studies of 
                  human resting-state FMRI data.}},
   volume      = {4},
   year        = {2010}
}


@misc{Fornito2012,
   author      = {Fornito, Alex and Zalesky, Andrew and Pantelis, Christos and Bullmore, Edward T.},
   booktitle   = {Neuroimage},
   issn        = {10538119},
   number      = {4},
   pages       = {2296--2314},
   title       = {{Schizophrenia, neuroimaging and connectomics}},
   volume      = {62},
   year        = {2012}
}


@article{fornito2015,
   author      = "Fornito, Alex and Zalesky, Andrew and Breakspear, Michael",
   title       = {The connectomics of brain disorders},
   journal     = {Nat. Rev. Neurosci.},
   issn        = {1471-003X},
   number      = {3},
   pages       = {159-172},
   publisher   = "Nature Publishing Group, a division of Macmillan 
                  Publishers Limited. All Rights Reserved.",
   volume      = "16",
   year        = "2015"
}


@misc{Fornito2016,
   author      = {Fornito, Alex and Zalesky, Andrew and Bullmore, Edward},
   booktitle   = {Fundam. brain Netw. Anal.},
   title       = {{Fundamentals of brain network analysis.}},
   url         = {http://ovidsp.ovid.com/ovidweb.cgi?T=JS{\&}PAGE=reference{\&}D=psyc12{\&}NEWS=N{\&}AN=2016-10843-000},
   year        = {2016}
}


@article{fortunato2007,
   author      = {Fortunato, Santo and Barth\'{e}lemy, Marc},
   issn        = {0027-8424},
   journal     = {Proc. Natl. Acad. Sci. U.S.A.},
   number      = {1},
   pages       = {36--41},
   title       = {{Resolution limit in community detection.}},
   volume      = {104},
   year        = {2007}
}


@article{fortunato2010,
   archiveprefix= {arXiv},
   arxivid     = {0906.0612},
   author      = {Fortunato, Santo},
   issn        = {03701573},
   journal     = {Phys. Rep.},
   number      = {3-5},
   pages       = {75--174},
   publisher   = {Elsevier B.V.},
   title       = {{Community detection in graphs}},
   volume      = {486},
   year        = {2010}
}


@article{fortunato2016,
   title       = {Community detection in networks: A user guide},
   author      = {Fortunato, Santo and Hric, Darko},
   journal     = {Physics Reports},
   volume      = {659},
   pages       = {1--44},
   year        = {2016},
   publisher   = {Elsevier}
}


@article{fosdick2016,
   archiveprefix= {arXiv},
   arxivid     = {1608.00607},
   author      = {Fosdick, Bailey K. and Larremore, Daniel B. and Nishimura, 
                  Joel and Ugander, Johan},
   eprint      = {1608.00607},
   pages       = {1--42},
   title       = {{Configuring Random Graph Models with Fixed Degree 
                  Sequences}},
   year        = {2016},
   journal     = {arXiv}
}


@article{fox2002,
   author      = {Fox, Peter T and Lancaster, Jack L},
   issn        = {1471-003X},
   journal     = {Nat. Rev. Neurosci.},
   pages       = {319--321},
   title       = {{Opinion: Mapping context and content: the BrainMap 
                  model.}},
   volume      = {3},
   year        = {2002}
}


@article{fox2005,
   archiveprefix= {arXiv},
   arxivid     = {NIHMS150003},
   author      = {Fox, Michael D and Snyder, Abraham Z and Vincent, Justin L and Corbetta, Maurizio and {Van Essen}, David C and Raichle, Marcus E},
   eprint      = {NIHMS150003},
   issn        = {0027-8424},
   journal     = {Proc. Natl. Acad. Sci. U. S. A.},
   number      = {27},
   pages       = {9673-9678},
   title       = {{The human brain is intrinsically organized into dynamic, anticorrelated functional networks.}},
   volume      = {102},
   year        = {2005}
}


@article{fox2006,
   author      = {Fox, Michael D. and Corbetta, Maurizio and Snyder, Abraham Z. and Vincent, Justin L. and Raichle, Marcus E.},
   issn        = {0027-8424},
   journal     = {Proc. Natl. Acad. Sci.},
   number      = {26},
   pages       = {10046--10051},
   title       = {{Spontaneous neuronal activity distinguishes human dorsal and ventral attention systems}},
   volume      = {103},
   year        = {2006}
}


@inbook{frackowiak97,
   author      = "Frackowiak, Richard S. J. and Friston, Karl J. and Frith, 
                  Christopher D. and Dolan, Raymond J. and Mazziotta, John C",
   booktitle   = "{H}uman {B}rain {F}unction",
   publisher   = "Academic Press USA",
   year        = "1997"
}


@article{fransson2006,
   author      = {Fransson, Peter},
   issn        = {0028-3932},
   journal     = {Neuropsychologia},
   number      = {14},
   pages       = {2836-2845},
   title       = {{How default is the default mode of brain function? 
                  Further evidence from intrinsic BOLD signal 
                  fluctuations.}},
   volume      = {44},
   year        = {2006}
}


@article{Freeman1978,
   archiveprefix= {arXiv},
   arxivid     = {cond-mat/0112110},
   author      = {Freeman, Linton C.},
   eprint      = {0112110},
   issn        = {03788733},
   journal     = {Soc. Networks},
   number      = {3},
   pages       = {215--239},
   primaryclass= {cond-mat},
   title       = {{Centrality in social networks conceptual clarification}},
   volume      = {1},
   year        = {1978}
}


@misc{Friston1995,
   author      = {Friston, K J and Frith, C D},
   booktitle   = {Clin. Neurosci.},
   issn        = {1065-6766},
   number      = {2},
   pages       = {89--97},
   title       = {{Schizophrenia: a disconnection syndrome?}},
   volume      = {3},
   year        = {1995}
}


@article{friston1997,
   author      = {Friston, K J},
   issn        = {1053-8119},
   journal     = {Neuroimage},
   number      = {2},
   pages       = {164-171},
   title       = {{Transients, metastability, and neuronal dynamics.}},
   volume      = {5},
   year        = {1997}
}


@article{friston1998,
   title       = {Event-related fMRI: characterizing differential 
                  responses},
   author      = {Friston, Karl J and Fletcher, P and Josephs, O and Holmes, 
                  A and Rugg, MD and Turner, R},
   journal     = {Neuroimage},
   volume      = {7},
   number      = {1},
   pages       = {30--40},
   year        = {1998},
   publisher   = {Elsevier}
}


@article{friston2003,
   author      = "Friston, Karl J. and Harrison, Lee and Penny, Will D.",
   title       = "Dynamic {C}ausal {M}odelling",
   journal     = "{N}euro{I}mage",
   volume      = "19",
   number      = "4",
   pages       = "1273-1302",
   year        = "2003"
}


@article{gallos2012,
   author      = {Gallos, Lazaros K and Makse, Hern{\'{a}}n a and Sigman, 
                  Mariano},
   file        = {:home/carlo/Documents/MendeleyLibrary/Gallos, Makse, 
                  Sigman/Proceedings of the National Academy of Sciences of 
                  the United States of America/Gallos, Makse, Sigman - A 
                  small world of weak ties provides optimal global 
                  integration of self-similar modules in functional brain 
                  netwo.pdf:pdf},
   issn        = {1091-6490},
   journal     = {Proc. Natl. Acad. Sci. U. S. A.},
   number      = {8},
   pages       = {2825-2830},
   title       = {{A small world of weak ties provides optimal global 
                  integration of self-similar modules in functional brain 
                  networks.}},
   volume      = {109},
   year        = {2012}
}


@article{garrido2008,
   author      = {Garrido, Marta I. and Friston, Karl J. and Kiebel, Stefan J. and Stephan, Klaas E. and Baldeweg, Torsten and Kilner, James M.},
   issn        = {10538119},
   journal     = {Neuroimage},
   number      = {2},
   pages       = {936--944},
   title       = {{The functional anatomy of the MMN: A DCM study of the roving paradigm}},
   volume      = {42},
   year        = {2008}
}


@article{girvan2002a,
   archiveprefix= {arXiv},
   arxivid     = {cond-mat/0112110},
   author      = {Girvan, M and Newman, M E J},
   issn        = {0027-8424},
   journal     = {Proc. Natl. Acad. Sci. U. S. A.},
   number      = {12},
   pages       = {7821-7826},
   primaryclass= {cond-mat},
   title       = {{Community structure in social and biological networks.}},
   volume      = {99},
   year        = {2002}
}


@article{goerdt2001,
   author      = "Goerdt, Andreas",
   title       = {"{T}he giant component threshold for random regular graphs 
                  with edge faults"},
   journal     = "{Theoretical Computer Science}",
   volume      = "259",
   number      = "1–2",
   pages       = "307 - 321",
   year        = "2001",
   issn        = "0304-3975",
}


@article{golland2007,
   author      = "Golland, Yulia and Bentin, Shlomo and Gelbard, Hagar and 
                  Benjamini, Yoav and Heller, Ruth and Nir, Yuval and Hasson, 
                  Uri and Malach, Rafael",
   title       = "{Extrinsic and {I}ntrinsic {S}ystems in the {P}osterior 
{C}ortex of the {H}uman {B}rain {R}evealed during {N}atural 
{S}ensory {S}timulation}",
   journal     = "Cerebral Cortex",
   volume      = "17",
   number      = "4",
   pages       = "766-777",
   year        = "2007"
}


@book{golub2006,
   address     = {Baltimore, MD, USA},
   author      = {Golub, Gene H. and Van Loan, Charles F.},
   publisher   = {Johns Hopkins University Press},
   title       = {{Matrix computations (3rd ed.)}},
   year        = {1996}
}


@article{good2009,
   title       = {Performance of modularity maximization in practical 
                  contexts},
   author      = {Good, Benjamin H. and de Montjoye, Yves-Alexandre and 
                  Clauset, Aaron},
   journal     = {Phys. Rev. E},
   volume      = {81},
   issue       = {4},
   pages       = {046106},
   numpages    = {19},
   year        = {2010},
   publisher   = {American Physical Society}
}


@article{gorgolewski2015,
   author      = {Gorgolewski, Krzysztof J and Varoquaux, Gael and Rivera, Gabriel and Schwarz, Yannick and Ghosh, Satrajit S and Maumet, Camille and Sochat, Vanessa V and Nichols, Thomas E and Poldrack, Russell A and Poline, Jean-Baptiste and Yarkoni, Tal and Margulies, Daniel S},
   issn        = {10959572},
   journal     = {Front. Neuroinform.},
   pages       = {8},
   title       = {{NeuroVault.org: a web-based repository for collecting and sharing unthresholded statistical maps of the human brain.}},
   volume      = {9},
   year        = {2015}
}


@article{greicius2008,
   author      = {Greicius, Michael D. and Kiviniemi, Vesa and Tervonen, Osmo and Vainionp{\"{a}}{\"{a}}, Vilho and Alahuhta, Seppo and Reiss, Allan L. and Menon, Vinod},
   issn        = {10659471},
   journal     = {Hum. Brain Mapp.},
   number      = {7},
   pages       = {839--847},
   title       = {{Persistent default-mode network connectivity during light sedation}},
   volume      = {29},
   year        = {2008}
}


@article{gudbjartsson1995,
   author      = {Gudbjartsson, H. and Patz, S.},
   issn        = {07403194},
   journal     = {Magn. Reson. Med.},
   number      = {6},
   pages       = {910--914},
   title       = {{The Rician distribution of noisy MRI data}},
   volume      = {34},
   year        = {1995}
}


@article{guimera2004,
   author      = {Guimer{\`{a}}, Roger and Sales-Pardo, Marta and Amaral, 
                  Lu{\'{i}}s},
   issn        = {1539-3755},
   journal     = {Phys. Rev. E},
   number      = {2},
   pages       = {025101},
   title       = {{Modularity from fluctuations in random graphs and complex 
                  networks}},
   volume      = {70},
   year        = {2004}
}


@article{guimera2005,
   author      = {Guimera, Roger and {Nunes Amaral}, Luis A and {R. 
                  Guimera}, L. Amaral},
   issn        = {0028-0836},
   journal     = {Nature},
   number      = {7028},
   pages       = {895--900},
   title       = {{Functional cartography of complex metabolic networks}},
   volume      = {433},
   year        = {2005}
}


@misc{gurobi,
   year        = {2015},
   title       = {{G}urobi {O}ptimization version 5.7, {G}urobi 
{O}ptimization, {I}nc., {H}ouston, {T}exas, {U}nited 
{S}tates}
}


@article{gusnard2001,
   author      = "Gusnard, Debra A. and Raichle, Marcus E.",
   title       = "{Searching for a baseline: {F}unctional imaging and the 
                  resting human brain}",
   journal     = "Nature Reviews Neuroscience",
   volume      = "2",
   number      = "10",
   pages       = "685-694",
   year        = "2001"
}


@article{hagmann2008,
   author      = {Hagmann, Patric and Cammoun, Leila and Gigandet, Xavier 
                  and Meuli, Reto and Honey, Christopher J. and {Van Wedeen}, 
                  J. and Sporns, Olaf},
   issn        = {15449173},
   journal     = {PLoS Biol.},
   pages       = {1479--1493},
   title       = {{Mapping the structural core of human cerebral cortex}},
   volume      = {6},
   year        = {2008}
}


@article{hanson2009,
   author      = "Hanson, Stephen Jose and Gagliardi, Alessandro D. and 
                  Hanson, Catherine",
   title       = "Solving the brain synchrony eigenvalue problem: 
                  conservation of temporal dynamics (fMRI) over subjects 
                  doing the same task",
   journal     = "Journal of Computational Neuroscience",
   volume      = "27",
   number      = "1",
   pages       = "103-114",
   year        = "2009"
}


@article{harriger2012,
   title       = {Rich club organization of macaque cerebral cortex and its 
                  role in network communication},
   author      = {Harriger, Logan and Van Den Heuvel, Martijn P and Sporns, 
                  Olaf},
   journal     = {PloS one},
   volume      = {7},
   number      = {9},
   pages       = {e46497},
   year        = {2012},
   publisher   = {Public Library of Science}
}


@article{hasson2004,
   author      = "Hasson, Uri and Nir, Yuval and Levy, Ifat and Fuhrmann, 
                  Galit and Malach, Rafael",
   title       = "Intersubject synchronization of cortical activity during 
                  natural vision.",
   journal     = "Science",
   volume      = "303",
   number      = "5664",
   pages       = "1634-1640",
   year        = "2004"
}


@article{hasson2010,
   author      = "Hasson, Uri and Malach, Rafael and Heeger, David J.",
   title       = "Reliability of cortical activity during natural 
                  stimulation.",
   journal     = "Trends in cognitive sciences",
   volume      = "14",
   number      = "1",
   pages       = "40-48",
   year        = "2010"
}


@article{he2007,
   title       = {Small-world anatomical networks in the human brain 
                  revealed by cortical thickness from MRI},
   author      = {He, Yong and Chen, Zhang J and Evans, Alan C},
   journal     = {Cerebral cortex},
   volume      = {17},
   number      = {10},
   pages       = {2407--2419},
   year        = {2007},
   publisher   = {Oxford Univ Press}
}


@article{he2009,
   author      = {He, Yong AND Wang, Jinhui AND Wang, Liang AND Chen, Zhang 
                  J. AND Yan, Chaogan AND Yang, Hong AND Tang, Hehan AND Zhu, 
                  Chaozhe AND Gong, Qiyong AND Zang, Yufeng AND Evans, Alan 
                  C.},
   journal     = {PLoS {ONE}},
   publisher   = {Public Library of Science},
   title       = {Uncovering Intrinsic Modular Organization of Spontaneous 
                  Brain Activity in Humans},
   year        = {2009},
   volume      = {4},
   pages       = {e5226},
   number      = {4}
}


@article{higham1988,
   title       = "Computing a nearest symmetric positive semidefinite matrix 
                  ",
   author      = "Higham, Nicholas J. ",
   journal     = "Linear Algebra and its Applications ",
   volume      = "103",
   number      = "",
   pages       = "103-118",
   year        = "1988",
   issn        = "0024-3795",
}


@article{higham2002,
   author      = "Higham, Nicholas J.",
   title       = "Computing the nearest correlation matrix — a problem 
                  from finance",
   volume      = "22",
   number      = "3",
   pages       = "329-343",
   year        = "2002",
   journal     = "IMA Journal of Numerical Analysis"
}


@article{hilgetag2000a,
   author      = {Hilgetag, C C and Burns, G A and O'Neill, M A and 
                  Scannell, J W and Young, M P},
   issn        = {0962-8436},
   journal     = {Philos. Trans. R. Soc. Lond. B. Biol. Sci.},
   number      = {1393},
   pages       = {91--110},
   title       = {{Anatomical connectivity defines the organization of 
                  clusters of cortical areas in the macaque monkey and the 
                  cat.}},
   volume      = {355},
   year        = {2000}
}


@article{hilgetag2000b,
   author      = {Hilgetag, C C and O'Neill, M a and Young, M P},
   issn        = {0962-8436},
   journal     = {Phil Trans R Soc B},
   number      = {1393},
   pages       = {71--89},
   title       = {{Hierarchical organization of macaque and cat cortical 
                  sensory systems explored with a novel network processor.}},
   volume      = {355},
   year        = {2000}
}


@article{hoeffding1963,
   author      = {Hoeffding, Wassily},
   title       = {Probability Inequalities for Sums of Bounded Random 
                  Variables},
   journal     = {J. Amer. Statist. Assoc.},
   year        = {1963},
   volume      = {58},
   number      = {301},
   pages       = {13--30}
}


@article{holland1983,
   title       = {Stochastic blockmodels: First steps},
   author      = {Holland, Paul W and Laskey, Kathryn Blackmond and 
                  Leinhardt, Samuel},
   journal     = {Social networks},
   volume      = {5},
   number      = {2},
   pages       = {109--137},
   year        = {1983},
   publisher   = {Elsevier}
}


@article{honey2007,
   author      = {Honey, Christopher J. and Kotter, Rolf and Breakspear, Michael and Sporns, Olaf},
   issn        = {0027-8424},
   journal     = {Pnas},
   number      = {24},
   pages       = {10240--10245},
   title       = {{Network structure of cerebral cortex shapes functional connectivity on multiple time scales}},
   volume      = {104},
   year        = {2007}
}


@article{honey2008,
   author      = {Honey, Christopher J. and Sporns, Olaf},
   issn        = {10659471},
   journal     = {Hum. Brain Mapp.},
   number      = {7},
   pages       = {802--809},
   title       = {{Dynamical consequences of lesions in cortical networks}},
   volume      = {29},
   year        = {2008}
}


@article{horovitz2009,
   author      = {Horovitz, Silvina G and Braun, Allen R and Carr, Walter S and Picchioni, Dante and Balkin, Thomas J and Fukunaga, Masaki and Duyn, Jeff H},
   issn        = {0027-8424},
   journal     = {Proc. Natl. Acad. Sci. U. S. A.},
   number      = {27},
   pages       = {11376--11381},
   title       = {{Decoupling of the brain's default mode network during deep sleep.}},
   volume      = {106},
   year        = {2009}
}


@article{hush2005,
   author      = {Hush, Don and Scovel, Clint},
   issn        = {01677152},
   journal     = {Stat. Probab. Lett.},
   number      = {2},
   pages       = {127--132},
   title       = {{Concentration of the hypergeometric distribution}},
   volume      = {75},
   year        = {2005}
}


@article{hutchison2013,
   archiveprefix= {arXiv},
   arxivid     = {NIHMS150003},
   author      = {Hutchison, R. Matthew and Womelsdorf, Thilo and Allen, Elena A. and Bandettini, Peter A. and Calhoun, Vince D. and Corbetta, Maurizio and {Della Penna}, Stefania and Duyn, Jeff H. and Glover, Gary H. and Gonzalez-Castillo, Javier and Handwerker, Daniel A. and Keilholz, Shella and Kiviniemi, Vesa and Leopold, David A. and de Pasquale, Francesco and Sporns, Olaf and Walter, Martin and Chang, Catie},
   eprint      = {NIHMS150003},
   issn        = {10538119},
   journal     = {Neuroimage},
   title       = {{Dynamic functional connectivity: Promise, issues, and interpretations}},
   volume      = {80},
   year        = {2013}
}


@article{hyde1992,
   author      = {Hyde, T M and Ziegler, J C and Weinberger, D R},
   issn        = {0003-9942},
   journal     = {Arch. Neurol.},
   pages       = {401--406},
   title       = {{Psychiatric disturbances in metachromatic leukodystrophy. Insights into the neurobiology of psychosis.}},
   volume      = {49},
   year        = {1992}
}


@article{igraph2006,
   title       = {The igraph software package for complex network research},
   author      = {Gabor Csardi and Tamas Nepusz},
   journal     = {InterJournal},
   volume      = {Complex Systems},
   pages       = {1695},
   year        = {2006}
}


@article{jaaskelainen2008,
   author      = "J{\"{a}\"{a}}skel{\"{a}}inen, Iiro P and Koskentalo, Katri 
                  and Balk, Marja H and Autti, Taina and Kauram{\"{a}}ki, 
                  Jaakko and Pomren, Cajus and Sams, Mikko",
   title       = "Inter-subject synchronization of prefrontal cortex 
                  hemodynamic activity during natural viewing.",
   journal     = "Open Neuroimag J",
   volume      = "2",
   pages       = "14-19",
   year        = "2008"
}


@article{jaccard1901,
   author      = {Jaccard, Paul},
   journal     = {Bulletin del la Soci\'{e}t\'{e} Vaudoise des Sciences 
                  Naturelles},
   pages       = {547--579},
   title       = {\'{E}tude comparative de la distribution florale dans une 
                  portion des Alpes et des Jura},
   volume      = 37,
   year        = 1901
}


@inproceedings{java2007we,
   title       = {Why we twitter: understanding microblogging usage and 
                  communities},
   author      = {Java, Akshay and Song, Xiaodan and Finin, Tim and Tseng, 
                  Belle},
   booktitle   = {Proceedings of the 9th WebKDD and 1st SNA-KDD 2007 
                  workshop on Web mining and social network analysis},
   pages       = {56--65},
   year        = {2007},
   organization= {ACM}
}


@misc{javitt2009,
   author      = {Javitt, Daniel C.},
   booktitle   = {Schizophr. Bull.},
   issn        = {05867614},
   number      = {6},
   pages       = {1059--1064},
   title       = {{Sensory processing in schizophrenia: Neither simple nor intact}},
   volume      = {35},
   year        = {2009}
}


@article{javitt2009a,
   author      = {Javitt, Daniel C},
   issn        = {1548-5951},
   journal     = {Annu. Rev. Clin. Psychol.},
   pages       = {249-275},
   title       = {{When doors of perception close: bottom-up models of disrupted cognition in schizophrenia.}},
   volume      = {5},
   year        = {2009}
}


@article{javitt2015,
   archiveprefix= {arXiv},
   arxivid     = {15334406},
   author      = {Javitt, Daniel C and Sweet, Robert A},
   eprint      = {15334406},
   issn        = {1471-0048},
   journal     = {Nat. Rev. Neurosci.},
   number      = {9},
   pages       = {535-550},
   title       = {{Auditory dysfunction in schizophrenia: integrating clinical and basic features.}},
   volume      = {16},
   year        = {2015}
}


@article{jiang2014,
   author      = {Jiang, Yawen and Jia, Caiyan and Yu, Jian},
   issn        = {1751-8113},
   journal     = {J. Phys. A},
   number      = {16},
   pages       = {165101},
   title       = {{An efficient community detection algorithm using greedy 
                  surprise maximization}},
   volume      = {47},
   year        = {2014}
}


@misc{kaiser2011,
   archiveprefix= {arXiv},
   arxivid     = {1105.4705},
   author      = {Kaiser, Marcus},
   booktitle   = {Neuroimage},
   eprint      = {1105.4705},
   issn        = {10538119},
   number      = {3},
   pages       = {892--907},
   title       = {{A tutorial in connectome analysis: Topological and spatial features of brain networks}},
   volume      = {57},
   year        = {2011}
}


@inbook{kandel2013,
   title       = "Principles of neural science",
   editor      = {Kandel, Eric Richard and Schwartz, James Harris and 
                  Jessell, Thomas M. and Mack, Sarah},
   chapter     = {15},
   pages       = {346-347},
   publisher   = "McGraw-Hill Medical",
   address     = "New York, Chicago, San Francisco",
   year        = {2013}
}


@article{karrer2008,
   title       = {Robustness of community structure in networks},
   author      = {Karrer, Brian and Levina, Elizaveta and Newman, M. E. J.},
   journal     = {Phys. Rev. E},
   volume      = {77},
   issue       = {4},
   pages       = {046119},
   numpages    = {9},
   year        = {2008},
   publisher   = {American Physical Society},
}


@article{karrer2011,
   archiveprefix= {arXiv},
   arxivid     = {1008.3926},
   author      = {Karrer, Brian and Newman, M. E J},
   eprint      = {1008.3926},
   file        = {:home/carlo/Documents/MendeleyLibrary/Karrer, 
                  Newman/Physical Review E - Statistical, Nonlinear, and Soft 
                  Matter Physics/Karrer, Newman - Stochastic blockmodels and 
                  community structure in networks - 2011.pdf:pdf},
   issn        = {15393755},
   journal     = {Phys. Rev. E - Stat. Nonlinear, Soft Matter Phys.},
   number      = {1},
   pages       = {1--10},
   title       = {{Stochastic blockmodels and community structure in 
                  networks}},
   volume      = {83},
   year        = {2011}
}


@article{kashtan2005,
   author      = {Kashtan, Nadav and Alon, Uri},
   issn        = {0027-8424},
   journal     = {Proc. Natl. Acad. Sci. U. S. A.},
   number      = {39},
   pages       = {13773--13778},
   title       = {{Spontaneous evolution of modularity and network motifs.}},
   volume      = {102},
   year        = {2005}
}


@article{kashtan2007,
   author      = {Kashtan, Nadav and Noor, Elad and Alon, Uri},
   issn        = {0027-8424},
   journal     = {Proc. Natl. Acad. Sci. U. S. A.},
   number      = {34},
   pages       = {13711--13716},
   title       = {{Varying environments can speed up evolution.}},
   volume      = {104},
   year        = {2007}
}


@article{kauppij2010,
   author      = "Kauppi, Jukka-Pekka and Jääskeläinen, Iiro P. and Sams, 
                  Mikko and Tohka, Jussi ",
   title       = "Inter-subject correlation of brain hemodynamic responses 
                  during watching a movie: localization in space and 
                  frequency",
   journal     = "Frontiers in Neuroinformatics",
   year        = "2010",
   volume      = "4",
   pages       = "5"
}


@article{kawamoto2015,
   author      = {Kawamoto, Tatsuro and Rosvall, Martin},
   issn        = {1539-3755},
   journal     = {Phys. Rev. E},
   number      = {1},
   pages       = {012809},
   title       = {{Estimating the resolution limit of the map equation in 
                  community detection}},
   volume      = {91},
   year        = {2015}
}


@article{kehagias2013,
   author      = {Kehagias, Ath. and Pitsoulis, L.},
   issn        = {1434-6028},
   journal     = {Eur. Phys. J. B},
   number      = {7},
   pages       = {330},
   title       = {{Bad communities with high modularity}},
   volume      = {86},
   year        = {2013}
}


@article{kemp1956,
   author      = {Kemp, CD and Kemp, AW},
   journal     = {J. R. Stat. Soc. Ser. B. Stat. Methodol.},
   pages       = {202--211},
   title       = {{Generalized hypergeometric distributions}},
   volume      = {18},
   year        = {1956}
}


@article{khadivi2011,
   author      = {Khadivi, Alireza and {Ajdari Rad}, Ali and Hasler, 
                  Martin},
   issn        = {1539-3755},
   journal     = {Phys. Rev. E},
   number      = {4},
   pages       = {046104},
   title       = {{Network community-detection enhancement by proper 
                  weighting}},
   volume      = {83},
   year        = {2011}
}


@article{kreimer2008,
   author      = {Kreimer, Anat and Borenstein, Elhanan and Gophna, Uri and Ruppin, Eytan},
   issn        = {0027-8424},
   journal     = {Proc. Natl. Acad. Sci. U. S. A.},
   number      = {19},
   pages       = {6976--6981},
   title       = {{The evolution of modularity in bacterial metabolic networks}},
   volume      = {105},
   year        = {2008}
}


@article{kruger2011,
   author      = "Kr{\"u}ger, Gunnar and Glover, Gary H.",
   title       = "Physiological noise in oxygenation-sensitive magnetic 
                  resonance imaging",
   journal     = "Magnetic Resonance in Medicine",
   volume      = "46",
   number      = "4",
   publisher   = "John Wiley & Sons, Inc.",
   issn        = "1522-2594",
   pages       = "631-637",
   year        = "2001"
}


@article{kubicki2005,
   author      = {Kubicki, M and Park, H and Westin, C F and Nestor, P G and Mulkern, R V and Maier, S E and Niznikiewicz, M and Connor, E E and Levitt, J J and Frumin, M and Kikinis, R and Jolesz, F A and Mccarley, R W and Shenton, M E},
   issn        = {1053-8119},
   journal     = {Neuroimage July},
   number      = {264},
   pages       = {1109--1118},
   title       = {{DTI and MTR abnormalities in schizophrenia: Analysis of white matter integrity}},
   volume      = {15},
   year        = {2005}
}


@article{kullback1951,
   author      = {Kullback, S. and Leibler, R. A.},
   issn        = {0003-4851},
   journal     = {Ann. Math. Stat.},
   number      = {1},
   pages       = {79--86},
   title       = {{On Information and Sufficiency}},
   volume      = {22},
   year        = {1951}
}


@article{laird2005,
   author      = {Laird, Angela R and Lancaster, Jack L and Fox, Peter T},
   issn        = {1539-2791},
   journal     = {Neuroinformatics},
   pages       = {65--78},
   title       = {{BrainMap: the social evolution of a human brain mapping 
                  database.}},
   volume      = {3},
   year        = {2005}
}


@article{laird2010,
   author      = {Laird, Angela R and Robinson, Jennifer L and McMillan, 
                  Kathryn M and Tordesillas-Guti\'{e}rrez, Diana and Moran, 
                  Sarah T and Gonzales, Sabina M and Ray, Kimberly L and 
                  Franklin, Crystal and Glahn, David C and Fox, Peter T and 
                  Lancaster, Jack L},
   issn        = {1095-9572},
   journal     = {Neuroimage},
   number      = {2},
   pages       = {677-683},
   title       = {{Comparison of the disparity between Talairach and MNI 
                  coordinates in functional neuroimaging data: validation of 
                  the Lancaster transform.}},
   volume      = {51},
   year        = {2010}
}


@article{lambiotte2012,
   title       = {Ranking and clustering of nodes in networks with smart 
                  teleportation},
   author      = {Lambiotte, R. and Rosvall, M.},
   journal     = {Phys. Rev. E},
   volume      = {85},
   issue       = {5},
   pages       = {056107},
   numpages    = {9},
   year        = {2012},
   publisher   = {American Physical Society},
}


@article{lancaster2007,
   author      = {Lancaster, Jack L and Tordesillas-Guti\'{e}rrez, Diana and 
                  Martinez, Michael and Salinas, Felipe and Evans, Alan and 
                  Zilles, Karl and Mazziotta, John C and Fox, Peter T},
   issn        = {1065-9471},
   journal     = {Hum. Brain Mapp.},
   number      = {11},
   pages       = {1194-1205},
   title       = {{Bias between MNI and Talairach coordinates analyzed using 
                  the ICBM-152 brain template.}},
   volume      = {28},
   year        = {2007}
}


@article{lancichinetti2008,
   title       = {Benchmark graphs for testing community detection 
                  algorithms},
   author      = {Lancichinetti, Andrea and Fortunato, Santo and Radicchi, 
                  Filippo},
   journal     = {Phys. Rev. E},
   volume      = {78},
   issue       = {4},
   pages       = {046110},
   numpages    = {5},
   year        = {2008},
   publisher   = {American Physical Society}
}


@article{lancichinetti2009,
   author      = {Lancichinetti, Andrea and Fortunato, Santo},
   issn        = {1539-3755},
   journal     = {Phys. Rev. E},
   number      = {5},
   pages       = {056117},
   title       = {{Community detection algorithms: a comparative analysis}},
   volume      = {80},
   year        = {2009}
}


@article{lancichinetti2009a,
   archiveprefix= {arXiv},
   arxivid     = {0904.3940},
   author      = {Lancichinetti, Andrea and Fortunato, Santo},
   eprint      = {0904.3940},
   file        = {:home/carlo/Documents/MendeleyLibrary/Lancichinetti, 
                  Fortunato/Physical Review E - Statistical, Nonlinear, and 
                  Soft Matter Physics/Lancichinetti, Fortunato - Benchmarks 
                  for testing community detection algorithms on directed and 
                  weighted graphs with overlapping 
                  com(2).pdf:pdf;:home/carlo/Documents/MendeleyLibrary/Lancichinetti, 
                  Fortunato/Physical Review E - Statistical, Nonlinear, and 
                  Soft Matter Physics/Lancichinetti, Fortunato - Benchmarks 
                  for testing community detection algorithms on directed and 
                  weighted graphs with overlapping commun.pdf:pdf},
   issn        = {15393755},
   journal     = {Phys. Rev. E - Stat. Nonlinear, Soft Matter Phys.},
   number      = {1},
   pages       = {1--8},
   title       = {{Benchmarks for testing community detection algorithms on 
                  directed and weighted graphs with overlapping 
                  communities}},
   volume      = {80},
   year        = {2009}
}


@article{lancichinetti2011,
   archiveprefix= {arXiv},
   arxivid     = {1107.1155},
   author      = {Lancichinetti, Andrea and Fortunato, Santo},
   issn        = {15393755},
   journal     = {Phys. Rev. E},
   number      = {6},
   pages       = {1--9},
   title       = {{Limits of modularity maximization in community 
                  detection}},
   volume      = {84},
   year        = {2011}
}


@article{lancichinetti2012,
   author      = {Lancichinetti, Andrea and Fortunato, Santo},
   eprint      = {1203.6093},
   issn        = {2045-2322},
   journal     = {Sci. Rep.},
   pages       = {336},
   primaryclass= {physics.soc-ph},
   title       = {{Consensus clustering in complex networks.}},
   volume      = {2},
   year        = {2012}
}


@inproceedings{lee2011,
  title={Discriminative persistent homology of brain networks},
  author={Lee, Hyekyoung and Chung, Moo K and Kang, Hyejin and Kim, Bung-Nyun and Lee, Dong Soo},
  booktitle={Biomedical Imaging: From Nano to Macro, 2011 IEEE International Symposium on},
  pages={841--844},
  year={2011},
  organization={IEEE}
}


@article{lee2012,
   author      = {Lee, Megan H. and Hacker, Carl D. and Snyder, Abraham Z. and Corbetta, Maurizio and Zhang, Dongyang and Leuthardt, Eric C. and Shimony, Joshua S.},
   issn        = {19326203},
   journal     = {PLoS One},
   number      = {7},
   title       = {{Clustering of resting state networks}},
   volume      = {7},
   year        = {2012}
}


@article{leinweber2014,
   author      = {Leinweber, Marcus and Zmarz, Pawel and Buchmann, Peter and Argast, Paul and H{\"{u}}bener, Mark and Bonhoeffer, Tobias and Keller, Georg B},
   file        = {:home/carlo/Documents/MendeleyLibrary/Leinweber et al/Journal of visualized experiments JoVE/Leinweber et al. - Two-photon calcium imaging in mice navigating a virtual reality environment. - 2014.pdf:pdf},
   issn        = {1940-087X},
   journal     = {J. Vis. Exp.},
   number      = {84},
   pages       = {e50885},
   title       = {{Two-photon calcium imaging in mice navigating a virtual reality environment.}},
   year        = {2014}
}


@inbook{leiserson2001,
   author      = {Cormen, Thomas H. and Stein, Clifford and Rivest, Ronald 
                  L. and Leiserson, Charles E.},
   title       = {Introduction to Algorithms},
   chapter     = {21},
   year        = {2001},
   edition     = {2nd},
   publisher   = {McGraw-Hill Higher Education}
}


@article{lerman-sinkoff2016,
   author      = {Lerman-Sinkoff, Dov B. and Barch, Deanna M.},
   issn        = {22131582},
   journal     = {NeuroImage Clin.},
   pages       = {96--106},
   title       = {{Network community structure alterations in adult schizophrenia: Identification and localization of alterations}},
   volume      = {10},
   year        = {2016}
}


@article{leskovec2007dynamics,
   title       = {The dynamics of viral marketing},
   author      = {Leskovec, Jure and Adamic, Lada A and Huberman, Bernardo 
                  A},
   journal     = {ACM Transactions on the Web (TWEB)},
   volume      = {1},
   number      = {1},
   pages       = {5},
   year        = {2007},
   publisher   = {ACM}
}


@inproceedings{li2008tag,
   title       = {Tag-based social interest discovery},
   author      = {Li, Xin and Guo, Lei and Zhao, Yihong Eric},
   booktitle   = {Proceedings of the 17th international conference on World 
                  Wide Web},
   pages       = {675--684},
   year        = {2008},
   organization= {ACM}
}


@article{liang2006,
   author      = {Liang, Meng and Zhou, Yuan and Jiang, Tianzi and Liu, Zhening and Tian, Lixia and Liu, Haihong and Hao, Yihui},
   issn        = {0959-4965},
   journal     = {Neuroreport},
   number      = {2},
   pages       = {209-213},
   title       = {{Widespread functional disconnectivity in schizophrenia with resting-state functional magnetic resonance imaging.}},
   volume      = {17},
   year        = {2006}
}


@article{liao2011,
   author      = "Liao, Wei and Ding, Jurong and Marinazzo, Daniele and Xu, 
                  Qiang and Wang, Zhengge and Yuan, Cuiping and Zhang, 
                  Zhiqiang and Lu, Guangming and Chen, Huafu",
   title       = "Small-world directed networks in the human brain: 
                  multivariate Granger causality analysis of resting-state 
                  fMRI.",
   journal     = "NeuroImage",
   volume      = "54",
   number      = "4",
   year        = "2011",
   pages       = "2683-2694"
}


@article{liu2008,
   author      = {Liu, Yong and Liang, Meng and Zhou, Yuan and He, Yong and Hao, Yihui and Song, Ming and Yu, Chunshui and Liu, Haihong and Liu, Zhening and Jiang, Tianzi},
   issn        = {00068950},
   journal     = {Brain},
   number      = {4},
   pages       = {945--961},
   title       = {{Disrupted small-world networks in schizophrenia}},
   volume      = {131},
   year        = {2008}
}


@article{lo2015,
   archiveprefix= {arXiv},
   arxivid     = {arXiv:1408.1149},
   author      = {Lo, C Y and Su, T W and Huang, C C and Hung, C C and Chen, W L and Lan, T H and Lin, C P and Bullmore, E T},
   eprint      = {arXiv:1408.1149},
   issn        = {1091-6490},
   journal     = {Proc Natl Acad Sci U S A},
   number      = {29},
   pages       = {9123--9128},
   title       = {{Randomization and resilience of brain functional networks as systems-level endophenotypes of schizophrenia}},
   volume      = {112},
   year        = {2015}
}


@article{logothetis2001,
   author      = {Logothetis, N K and Pauls, J and Augath, M and Trinath, T and Oeltermann, A},
   issn        = {0028-0836},
   journal     = {Nature},
   number      = {6843},
   pages       = {150--157},
   title       = {{Neurophysiological investigation of the basis of the fMRI signal}},
   volume      = {412},
   year        = {2001}
}


@article{logothetis2008,
   author      = {Logothetis, Nikos K},
   file        = {:home/carlo/Documents/MendeleyLibrary/Logothetis/Nature/Logothetis - What we can do and what we cannot do with fMRI. - 2008.pdf:pdf},
   issn        = {1476-4687},
   journal     = {Nature},
   number      = {7197},
   pages       = {869-878},
   title       = {{What we can do and what we cannot do with fMRI.}},
   volume      = {453},
   year        = {2008}
}


@article{lynall2010,
   author      = {Lynall, M E and Bassett, D S and Kerwin, R and McKenna, P J and Kitzbichler, M and Muller, U and Bullmore, E},
   issn        = {1529-2401},
   journal     = {J Neurosci},
   number      = {28},
   pages       = {9477--9487},
   title       = {{Functional connectivity and brain networks in schizophrenia}},
   volume      = {30},
   year        = {2010}
}


@article{macmahon2015,
   archiveprefix= {arXiv},
   arxivid     = {1311.1924},
   author      = {MacMahon, Mel and Garlaschelli, Diego},
   eprint      = {1311.1924},
   file        = {:home/carlo/Documents/MendeleyLibrary/MacMahon, Garlaschelli/Physical Review X/MacMahon, Garlaschelli - Community detection for correlation matrices - 2015.pdf:pdf},
   issn        = {21603308},
   journal     = {Phys. Rev. X},
   number      = {2},
   pages       = {1--34},
   title       = {{Community detection for correlation matrices}},
   volume      = {5},
   year        = {2015}
}


@article{markett2014,
   author      = {Markett, Sebastian and Reuter, Martin and Montag, 
                  Christian and Voigt, Gesine and Lachmann, Bernd and Rudorf, 
                  Sarah and Elger, Christian E and Weber, Bernd},
   issn        = {1097-0193},
   journal     = {Hum. Brain Mapp.},
   number      = {4},
   pages       = {1700-1709},
   title       = {{Assessing the function of the fronto-parietal attention 
                  network: insights from resting-state fMRI and the 
                  attentional network test.}},
   volume      = {35},
   year        = {2014}
}


@article{martuzzi2010,
   author      = {Martuzzi, Roberto and Ramani, Ramachandran and Qiu, Maolin and Rajeevan, Nallakkandi and Constable, R. Todd},
   issn        = {10538119},
   journal     = {Neuroimage},
   number      = {1},
   pages       = {823--834},
   title       = {{Functional connectivity and alterations in baseline brain state in humans}},
   volume      = {49},
   year        = {2010}
}


@article{mcghie1961,
   author      = {McGHIE, ANDREW and CHAPMAN, JAMES},
   issn        = {20448341},
   journal     = {Br. J. Med. Psychol.},
   number      = {2},
   pages       = {103--116},
   title       = {{Disorders of attention and perception in early schizophrenia}},
   volume      = {34},
   year        = {1961}
}


@article{mcintosh2000,
   author      = {McIntosh, A R},
   issn        = {0893-6080},
   journal     = {Neural Netw.},
   number      = {8–9},
   pages       = {861--870},
   title       = {{Towards a network theory of cognition}},
   volume      = {13},
   year        = {2000}
}


@article{mckeown1998,
   author      = "Mckeown, Martin J. and Makeig, Scott and Brown, Greg G. 
                  and Jung, Tzyy-Ping and Kindermann, Sandra S. and Bell, 
                  Anthony J. and Sejnowski, Terrence J.",
   title       = "Analysis of fMRI data by blind separation into independent 
                  spatial components.",
   journal     = "Human Brain Mapping",
   volume      = "6",
   number      = "3",
   pages       = "160-188",
   year        = "1998"
}


@book{meila2003,
   address     = {Berlin, Heidelberg},
   author      = {Meila, M. and Meila, M.},
   booktitle   = {Learn. theory Kernel Mach. 16th Annu. Conf. Learn. Theory 
                  7th Kernel Work. COLT/Kernel 2003, Washington, DC, USA, 
                  August 24-27, 2003 Proc.},
   editor      = {Sch\"{o}lkopf, Bernhard and Warmuth, Manfred K.},
   issn        = {03029743},
   pages       = {173},
   publisher   = {Springer Berlin Heidelberg},
   series      = {Lecture Notes in Computer Science},
   title       = {{Learning Theory and Kernel Machines}},
   volume      = {2777},
   year        = {2003}
}


@article{meila2007,
   author      = {M., Meilă},
   issn        = {0047-259X},
   journal     = {J. Multivar. Anal.},
   number      = {5},
   pages       = {873--895},
   title       = {{Comparing clusterings—an information based distance}},
   volume      = {98},
   year        = {2007}
}


@article{meunier2009,
   archiveprefix= {arXiv},
   arxivid     = {1004.3153},
   author      = {Meunier, David and Lambiotte, Renaud and Fornito, Alex and 
                  Ersche, Karen D and Bullmore, Edward T},
   issn        = {1662-5196},
   journal     = {Front. Neuroinform.},
   pages       = {37},
   title       = {{Hierarchical modularity in human brain functional 
                  networks}},
   volume      = {3},
   year        = {2010}
}


@article{meunier2009a,
   author      = {Meunier, David and Achard, Sophie and Morcom, Alexa and Bullmore, Ed},
   issn        = {10538119},
   journal     = {Neuroimage},
   number      = {3},
   pages       = {715--723},
   publisher   = {Elsevier B.V.},
   title       = {{Age-related changes in modular organization of human brain functional networks}},
   volume      = {44},
   year        = {2009}
}


@article{meunier2010,
   author      = {Meunier, David and Lambiotte, Renaud and Bullmore, Edward 
                  T},
   issn        = {1662-453X},
   journal     = {Front. Neurosci.},
   number      = {December},
   pages       = {200},
   title       = {{Modular and hierarchically modular organization of brain 
                  networks.}},
   volume      = {4},
   year        = {2010}
}


@book{mezard1990,
   title       = {Spin glass theory and beyond.},
   author      = {M{\'e}zard, Marc and Parisi, Giorgio and Virasoro, 
                  Miguel-Angel},
   year        = {1990},
   publisher   = {World Scientific Publishing Co., Inc., Pergamon Press}
}


@article{misic2014,
   author      = {Mi\v{s}i\'{c}, Bratislav and Go\~{n}i, Joaqu\'{\i}n and 
                  Betzel, Richard F. and Sporns, Olaf and McIntosh, Anthony R.},
   editor      = {Daunizeau, Jean},
   issn        = {1553-7358},
   journal     = {PLoS Comput. Biol.},
   number      = {12},
   pages       = {e1003982},
   publisher   = {Public Library of Science},
   title       = {{A Network Convergence Zone in the Hippocampus}},
   volume      = {10},
   year        = {2014}
}


@article{moser1998,
   author      = {Moser, May-Britt and Moser, Edvard I.},
   issn        = {1050-9631},
   journal     = {Hippocampus},
   number      = {6},
   pages       = {608--619},
   title       = {{Functional differentiation in the hippocampus}},
   volume      = {8},
   year        = {1998}
}


@manual{mpmath,
   key         = {mpmath},
   author      = {Fredrik Johansson and others},
   title       = {mpmath: a {P}ython library for arbitrary-precision 
                  floating-point arithmetic (version 0.18)},
   year        = {2013}
}


@article{mumford1992,
   archiveprefix= {arXiv},
   arxivid     = {arXiv:1408.1149},
   author      = {Mumford, D.},
   eprint      = {arXiv:1408.1149},
   file        = {:home/carlo/Documents/MendeleyLibrary/Mumford/Biological Cybernetics/Mumford - On the computational architecture of the neocortex - II The role of cortico-cortical loops - 1992.pdf:pdf},
   issn        = {03401200},
   journal     = {Biol. Cybern.},
   number      = {3},
   pages       = {241--251},
   title       = {{On the computational architecture of the neocortex - II The role of cortico-cortical loops}},
   volume      = {66},
   year        = {1992}
}


@article{nardo2011,
   author      = "Nardo, Davide and Santangelo, Valerio and Macaluso, 
                  Emiliano",
   title       = "Stimulus-driven orienting of visuo-spatial attention in 
                  complex dynamic environments.",
   journal     = "Neuron",
   volume      = "69",
   number      = "5",
   pages       = "1015-1028",
   year        = "2011"
}


@article{neurosim2011,
   title       = {{neuRosim}: An {R} Package for Generating fMRI Data},
   author      = {Marijke Welvaert and Joke Durnez and Beatrijs Moerkerke 
                  and Geert Verdoolaege and Yves Rosseel},
   journal     = {Journal of Statistical Software},
   year        = {2011},
   volume      = {44},
   number      = {10},
   pages       = {1--18}
}


@article{newman2004,
   archiveprefix= {arXiv},
   arxivid     = {cond-mat/0308217v1},
   author      = {Newman, M. and Girvan, M.},
   eprint      = {0308217v1},
   issn        = {1539-3755},
   journal     = {Phys. Rev. E},
   number      = {2},
   pages       = {1--16},
   primaryclass= {cond-mat},
   title       = {{Finding and evaluating community structure in networks}},
   volume      = {69},
   year        = {2004}
}


@article{newman2006,
   author      = {Newman, M E J},
   issn        = {0027-8424},
   journal     = {Proc. Natl. Acad. Sci. U.S.A.},
   number      = {23},
   pages       = {8577-8582},
   title       = {{Modularity and community structure in networks.}},
   volume      = {103},
   year        = {2006}
}


@book{newman2010book,
   title       = {Networks: An Introduction},
   author      = {Newman, Mark},
   lccn        = {2010006011},
   year        = {2010},
   publisher   = {OUP Oxford}
}


@article{nicolini2016,
   title       = {Modular structure of brain functional networks: breaking 
                  the resolution limit by Surprise},
   author      = {Nicolini, Carlo and Bifone, Angelo},
   journal     = {Sci.Rep.},
   volume      = {6},
   pages       = {19250},
   year        = {2016},
   publisher   = {Nature Publishing Group}
}


@article{nicolini2017,
   archiveprefix= {arXiv},
   arxivid     = {1609.04316},
   author      = {Nicolini, Carlo and Bordier, C{\'{e}}cile and Bifone, 
                  Angelo},
   eprint      = {1609.04316},
   file        = {:home/carlo/Documents/MendeleyLibrary/Nicolini/NeuroImage/Nicolini 
                  - Community detection in weighted brain connectivity 
                  networks beyond the resolution limit - 2014(2).pdf:pdf},
   issn        = {10538119},
   journal     = {Neuroimage},
   pages       = {28--39},
   publisher   = {Elsevier},
   title       = {{Community detection in weighted brain connectivity 
                  networks beyond the resolution limit}},
   volume      = {146},
   year        = {2017}
}


@article{ogawa1990,
   author      = {Ogawa, S and Lee, T M and Kay, A R and Tank, D W},
   issn        = {0027-8424},
   journal     = {Proc. Natl. Acad. Sci. U. S. A.},
   number      = {24},
   pages       = {9868-9872},
   title       = {{Brain magnetic resonance imaging with contrast dependent on blood oxygenation.}},
   volume      = {87},
   year        = {1990}
}


@article{oh2014,
   title       = {A mesoscale connectome of the mouse brain},
   author      = {Oh, Seung Wook and Harris, Julie A and Ng, Lydia and Winslow, Brent and Cain, Nicholas and Mihalas, Stefan and Wang, Quanxin and Lau, Chris and Kuan, Leonard and Henry, Alex M and others},
   journal     = {Nature},
   volume      = {508},
   number      = {7495},
   pages       = {207--214},
   year        = {2014},
   publisher   = {Nature Publishing Group}
}


@article{palla2005,
   author      = {Palla, Gergely and Der\'{e}nyi, Imre and Farkas, Ill\'{e}s 
                  and Vicsek, Tam\'{a}s},
   issn        = {1476-4687},
   journal     = {Nature},
   number      = {7043},
   pages       = {814--818},
   title       = {{Uncovering the overlapping community structure of complex 
                  networks in nature and society.}},
   volume      = {435},
   year        = {2005}
}


@article{park2013,
   author      = {Park, Hae-Jeong and Friston, Karl},
   issn        = {1095-9203},
   journal     = {Science},
   number      = {6158},
   pages       = {1238411},
   title       = {{Structural and functional brain networks: from 
                  connections to cognition.}},
   volume      = {342},
   year        = {2013}
}


@article{peixoto2015,
   archiveprefix= {arXiv},
   arxivid     = {1409.3059},
   author      = {Peixoto, Tiago P.},
   eprint      = {1409.3059},
   issn        = {2160-3308},
   journal     = {Phys. Rev. X},
   number      = {1},
   pages       = {011033},
   title       = {{Model Selection and Hypothesis Testing for Large-Scale 
                  Network Models with Overlapping Groups}},
   volume      = {5},
   year        = {2015}
}


@article{peixoto_graph_tool_2014,
   title       = {The graph-tool python library},
   urldate     = {2014-09-10},
   journal     = {figshare},
   author      = {Peixoto, Tiago P.},
   year        = {2014},
}


@article{pereda2005a,
   author      = {Pereda, Ernesto and Quiroga, Rodrigo Quian and 
                  Bhattacharya, Joydeep},
   eprint      = {0510077},
   issn        = {03010082},
   journal     = {Prog. Neurobiol.},
   number      = {1-2},
   pages       = {1--37},
   primaryclass= {nlin},
   title       = {{Nonlinear multivariate analysis of neurophysiological 
                  signals}},
   volume      = {77},
   year        = {2005}
}


@article{pons2006,
   archiveprefix= {arXiv},
   arxivid     = {physics/0512106v1},
   author      = {Pons, Pascal and Latapy, Matthieu},
   eprint      = {0512106v1},
   issn        = {07403194},
   journal     = {J. Graph Algorithms Appl.},
   number      = {2},
   pages       = {191--218},
   primaryclass= {physics},
   title       = {{Computing communities in large networks using random walks}},
   volume      = {10},
   year        = {2006}
}


@article{pourahmadi1999,
   author      = "Pourahmadi, M.",
   title       = "Joint mean-covariance models with applications to 
                  longitudinal data: unconstrained parameterisation",
   volume      = "86",
   number      = "3",
   pages       = "677-690",
   year        = "1999",
   journal     = "Biometrika"
}


@article{power2011,
   author      = {Power, Jonathan D. and Cohen, Alexander L. and Nelson, Steven M. and Wig, Gagan S. and Barnes, Kelly Anne and Church, Jessica A. and Vogel, Alecia C. and Laumann, Timothy O. and Miezin, Fran M. and Schlaggar, Bradley L. and Petersen, Steven E.},
   issn        = {08966273},
   journal     = {Neuron},
   number      = {4},
   pages       = {665--678},
   title       = {{Functional Network Organization of the Human Brain}},
   volume      = {72},
   year        = {2011}
}


@article{power2013,
   archiveprefix= {arXiv},
   arxivid     = {NIHMS150003},
   author      = {Power, Jonathan D. and Schlaggar, Bradley L. and 
                  Lessov-Schlaggar, Christina N. and Petersen, Steven E.},
   eprint      = {NIHMS150003},
   issn        = {08966273},
   journal     = {Neuron},
   number      = {4},
   pages       = {798--813},
   publisher   = {Elsevier Inc.},
   title       = {{Evidence for hubs in human functional brain networks}},
   volume      = {79},
   year        = {2013}
}


@article{radicchi2004,
   author      = {Radicchi, Filippo and Castellano, Claudio and Cecconi, 
                  Federico and Loreto, Vittorio and Parisi, Domenico},
   issn        = {0027-8424},
   journal     = {Proc. Natl. Acad. Sci. U.S.A.},
   number      = {9},
   pages       = {2658-2663},
   title       = {{Defining and identifying communities in networks.}},
   volume      = {101},
   year        = {2004}
}


@article{radicchi2010,
   author      = {Radicchi, Filippo and Lancichinetti, Andrea and Ramasco, Jos{\'{e}} J.},
   issn        = {1539-3755},
   journal     = {Phys. Rev. E},
   number      = {2},
   pages       = {026102},
   title       = {{Combinatorial approach to modularity}},
   volume      = {82},
   year        = {2010}
}


@article{raichle2001,
   author      = {Raichle, M E and MacLeod, A M and Snyder, A Z and Powers, 
                  W J and Gusnard, D A and Shulman, G L},
   issn        = {0027-8424},
   journal     = {Proc. Natl. Acad. Sci. U.S.A.},
   pages       = {676--682},
   title       = {{A default mode of brain function.}},
   volume      = {98},
   year        = {2001}
}


@article{reichardt2006,
   title       = {Statistical mechanics of community detection},
   author      = {Reichardt, J\"org and Bornholdt, Stefan},
   journal     = {Phys. Rev. E},
   volume      = {74},
   issue       = {1},
   pages       = {016110},
   numpages    = {14},
   publisher   = {American Physical Society},
   year        = {2006}
}


@misc{reijneveld2007,
   author      = {Reijneveld, Jaap C. and Ponten, Sophie C. and Berendse, Henk W. and Stam, Cornelis J.},
   booktitle   = {Clin. Neurophysiol.},
   issn        = {13882457},
   number      = {11},
   pages       = {2317--2331},
   title       = {{The application of graph theoretical analysis to complex networks in the brain}},
   volume      = {118},
   year        = {2007}
}


@article{richiardi2011,
   author      = "Richiardi, Jonas and Eryilmaz, Hamdi and Schwartz, Sophie 
                  and Vuilleumier, Patrik and Van De Ville, Dimitri",
   title       = "Decoding brain states from fMRI connectivity graphs.",
   journal     = "Neuroimage",
   volume      = "56",
   number      = "2",
   pages       = "616-626",
   year        = "2011"
}


@article{rissanen1978,
   author      = {Rissanen, J.},
   issn        = {00051098},
   journal     = {Automatica},
   number      = {5},
   pages       = {465--471},
   title       = {{Modeling by shortest data description}},
   volume      = {14},
   year        = {1978}
}


@article{ronhovde2009,
   author      = {Ronhovde, Peter and Nussinov, Zohar},
   issn        = {15393755},
   journal     = {Phys. Rev. E},
   number      = {1},
   pages       = {1--18},
   title       = {{Multiresolution community detection for megascale 
                  networks by information-based replica correlations}},
   volume      = {80},
   year        = {2009}
}


@article{ronhovde2010,
   author      = {Ronhovde, Peter and Nussinov, Zohar},
   issn        = {15393755},
   journal     = {Phys. Rev. E},
   number      = {4},
   pages       = {1--15},
   title       = {{Local resolution-limit-free Potts model for community 
                  detection}},
   volume      = {81},
   year        = {2010}
}


@article{rosvall2008,
   author      = {Rosvall, Martin and Bergstrom, Carl T},
   issn        = {1091-6490},
   journal     = {Proc. Natl. Acad. Sci. U.S.A.},
   number      = {4},
   pages       = {1118-1123},
   title       = {{Maps of random walks on complex networks reveal community 
                  structure.}},
   volume      = {105},
   year        = {2008}
}


@article{roy2009,
   author      = {Roy, Amy Krain and Shehzad, Zarrar and Margulies, Daniel S 
                  and Kelly, A M Clare and Uddin, Lucina Q and Gotimer, 
                  Kristin and Biswal, Bharat B and Castellanos, F Xavier and 
                  Milham, Michael P},
   issn        = {1095-9572},
   journal     = {Neuroimage},
   number      = {2},
   pages       = {614-626},
   title       = {{Functional connectivity of the human amygdala using 
                  resting state fMRI.}},
   volume      = {45},
   year        = {2009}
}


@article{rubinov2010,
   author      = {Rubinov, Mikail and Sporns, Olaf},
   issn        = {1095-9572},
   journal     = {Neuroimage},
   number      = {3},
   pages       = {1059-1069},
   publisher   = {Elsevier Inc.},
   title       = {{Complex network measures of brain connectivity: uses and 
                  interpretations.}},
   volume      = {52},
   year        = {2010}
}


@article{rubinov2011,
   author      = {Rubinov, Mikail and Sporns, Olaf},
   issn        = {1095-9572},
   journal     = {Neuroimage},
   number      = {4},
   pages       = {2068-2079},
   publisher   = {Elsevier Inc.},
   title       = {{Weight-conserving characterization of complex functional 
                  brain networks}},
   volume      = {56},
   year        = {2011}
}


@article{rudie2013,
   author      = {Rudie, J.D. and Brown, J.a. and Beck-Pancer, D. and Hernandez, L.M. and Dennis, E.L. and Thompson, P.M. and Bookheimer, S.Y. and Dapretto, M.},
   issn        = {22131582},
   journal     = {NeuroImage Clin.},
   pages       = {79--94},
   publisher   = {Elsevier B.V.},
   title       = {{Altered functional and structural brain network organization in autism}},
   volume      = {2},
   year        = {2013}
}


@article{salvador2005,
   author      = {Salvador, Raymond and Suckling, John and Schwarzbauer, 
                  Christian and Bullmore, Ed},
   issn        = {0962-8436},
   journal     = {Philos. Trans. R. Soc. Lond. B. Biol. Sci.},
   number      = {1457},
   pages       = {937-946},
   title       = {{Undirected graphs of frequency-dependent functional 
                  connectivity in whole brain networks.}},
   volume      = {360},
   year        = {2005}
}


@article{salvador2005a,
   author      = {Salvador, Raymond and Suckling, John and Coleman, Martin R and Pickard, John D and Menon, David and Bullmore, Ed},
   issn        = {1047-3211},
   journal     = {Cereb. Cortex},
   number      = {9},
   pages       = {1332-1342},
   title       = {{Neurophysiological architecture of functional magnetic resonance images of human brain.}},
   volume      = {15},
   year        = {2005}
}


@article{saracc2012topology,
   title       = {Topology of functional networks predicts physical binding 
                  of proteins},
   author      = {Sara{\c{c}}, {\"O}mer Sinan and Pancaldi, Vera and 
                  B{\"a}hler, J{\"u}rg and Beyer, Andreas},
   journal     = {Bioinformatics},
   volume      = {28},
   number      = {16},
   pages       = {2137--2145},
   year        = {2012},
   publisher   = {Oxford Univ Press}
}


@article{saramaki2007,
   author      = {Saram\"{a}ki, Jari and Kivel\"{a}, Mikko and Onnela, 
                  Jukka-Pekka and Kaski, Kimmo and Kert\'{e}sz, J\'{a}nos},
   issn        = {1539-3755},
   journal     = {Phys. Rev. E},
   number      = {2},
   pages       = {027105},
   title       = {{Generalizations of the clustering coefficient to weighted 
                  complex networks}},
   volume      = {75},
   year        = {2007}
}


@article{scannell1995,
   author      = {Scannell, J W and Blakemore, C and Young, M P},
   issn        = {0270-6474},
   journal     = {J. Neurosci.},
   number      = {2},
   pages       = {1463--1483},
   title       = {{Analysis of connectivity in the cat cerebral cortex.}},
   volume      = {15},
   year        = {1995}
}


@article{scheinost2012,
   archiveprefix= {arXiv},
   arxivid     = {NIHMS150003},
   author      = {Scheinost, D. and Benjamin, J. and Lacadie, C. M. and Vohr, B. and Schneider, K. C. and Ment, L. R. and Papademetris, X. and Constable, R. T.},
   eprint      = {NIHMS150003},
   issn        = {10538119},
   journal     = {Neuroimage},
   number      = {3},
   pages       = {1510--1519},
   title       = {{The intrinsic connectivity distribution: A novel contrast measure reflecting voxel level functional connectivity}},
   volume      = {62},
   year        = {2012}
}


@article{schwarz2007,
   author      = {Schwarz, Adam J and Gozzi, Alessandro and Reese, Torsten 
                  and Bifone, Angelo},
   issn        = {1522-2594},
   journal     = {Magn. Reson. Med.},
   number      = {4},
   pages       = {704--713},
   publisher   = {Wiley Subscription Services, Inc., A Wiley Company},
   title       = {{Functional connectivity in the pharmacologically 
                  activated brain: Resolving networks of correlated responses 
                  to d-amphetamine}},
   volume      = {57},
   year        = {2007}
}


@article{schwarz2008,
   archiveprefix= {arXiv},
   arxivid     = {arXiv:q-bio.NC/0701041v2},
   author      = {Schwarz, Adam J and Gozzi, Alessandro and Bifone, Angelo},
   issn        = {0730-725X},
   journal     = {Magn. Reson. Imaging},
   number      = {7},
   pages       = {914-920},
   primaryclass= {arXiv:q-bio.NC},
   title       = {{Community structure and modularity in networks of 
                  correlated brain activity.}},
   volume      = {26},
   year        = {2008}
}


@article{seghier2013,
   author      = {Seghier, Mohamed L},
   issn        = {1089-4098},
   journal     = {Neuroscientist},
   number      = {1},
   pages       = {43--61},
   title       = {{The angular gyrus: multiple functions and multiple 
                  subdivisions.}},
   volume      = {19},
   year        = {2013}
}


@article{senden2014,
   title       = "Rich club organization supports a diverse set of 
                  functional network configurations ",
   journal     = "NeuroImage ",
   volume      = "96",
   number      = "",
   pages       = "174 - 182",
   year        = "2014",
   issn        = "1053-8119",
   author      = "Mario Senden and Gustavo Deco and Marcel A. de Reus and 
                  Rainer Goebel and Martijn P. van den Heuvel",
}


@article{shimono2015,
   author      = {Shimono, Masanori and Beggs, John M.},
   issn        = {14602199},
   journal     = {Cereb. Cortex},
   number      = {10},
   pages       = {3743--3757},
   title       = {{Functional clusters, hubs, and communities in the cortical microconnectome}},
   volume      = {25},
   year        = {2015}
}


@article{shmuel2002,
   author      = {Shmuel, A},
   issn        = {08966273},
   journal     = {Neuron},
   number      = {6},
   pages       = {1195--1210},
   title       = {{Sustained Negative BOLD, Blood Flow and Oxygen Consumption Response and Its Coupling to the Positive Response in the Human Brain}},
   volume      = {36},
   year        = {2002}
}


@incollection{simon1991,
   title       = {The architecture of complexity},
   author      = {Simon, Herbert A},
   booktitle   = {Facets of systems science},
   pages       = {457--476},
   year        = {1991},
   publisher   = {Springer}
}


@inproceedings{simon1995,
  title={Near decomposability and complexity: How a mind resides in a brain},
  author={Simon, Herbert A},
  booktitle={SANTA FE INSTITUTE STUDIES IN THE SCIENCES OF COMPLEXITY-PROCEEDINGS VOLUME-},
  volume={22},
  pages={25--25},
  year={1995},
  organization={ADDISON-WESLEY PUBLISHING CO}
}

@article{smith2009,
   author      = {Smith, Stephen M and Fox, Peter T and Miller, Karla L and 
                  Glahn, David C and Fox, P Mickle and Mackay, Clare E and 
                  Filippini, Nicola and Watkins, Kate E and Toro, Roberto and 
                  Laird, Angela R and Beckmann, Christian F},
   issn        = {1091-6490},
   journal     = {Proc. Natl. Acad. Sci. U.S.A.},
   number      = {31},
   pages       = {13040--13045},
   title       = {{Correspondence of the brain's functional architecture 
                  during activation and rest.}},
   volume      = {106},
   year        = {2009}
}


@article{sporns2000,
   author      = "Sporns, Olaf and Tononi, Giulio and Edelman, Gerald M.",
   title       = "Connectivity and complexity: the relationship between 
                  neuroanatomy and brain dynamics.",
   journal     = "Neural networks : the official journal of the 
                  International Neural Network Society",
   volume      = "13",
   number      = "8-9",
   pages       = "909-922",
   year        = "2000"
}


@article{sporns2002,
   title       = {Theoretical neuroanatomy and the connectivity of the 
                  cerebral cortex},
   author      = {Sporns, O and Tononi, G and Edelman, GM},
   journal     = {Behavioural brain research},
   volume      = {135},
   number      = {1},
   pages       = {69--74},
   year        = {2002},
   publisher   = {Elsevier}
}


@misc{sporns2004,
   author      = {Sporns, Olaf and Chialvo, Dante R. and Kaiser, Marcus and 
                  Hilgetag, Claus C.},
   booktitle   = {Trends Cogn. Sci.},
   issn        = {13646613},
   number      = {9},
   pages       = {418--425},
   title       = {{Organization, development and function of complex brain 
                  networks}},
   volume      = {8},
   year        = {2004}
}


@article{sporns2004a,
   author      = {Sporns, Olaf and Zwi, Jonathan D},
   issn        = {1539-2791},
   journal     = {Neuroinformatics},
   number      = {2},
   pages       = {145--162},
   title       = {{The small world of the cerebral cortex.}},
   volume      = {2},
   year        = {2004}
}


@article{sporns2005,
   author      = {Sporns, Olaf and Tononi, Giulio and K{\"{o}}tter, Rolf},
   issn        = {1553734X},
   journal     = {PLoS Comput. Biol.},
   number      = {4},
   pages       = {0245--0251},
   title       = {{The human connectome: A structural description of the 
                  human brain}},
   volume      = {1},
   year        = {2005}
}


@article{sporns2007,
   author      = {Sporns, Olaf and Honey, Christopher J and K\"{o}tter, 
                  Rolf},
   issn        = {1932-6203},
   journal     = {PloS {ONE}},
   number      = {10},
   pages       = {e1049},
   title       = {{Identification and classification of hubs in brain 
                  networks.}},
   volume      = {2},
   year        = {2007}
}


@article{sporns2016,
   archiveprefix= {arXiv},
   arxivid     = {15334406},
   author      = {Sporns, Olaf and Betzel, Richard F.},
   eprint      = {15334406},
   issn        = {1545-2085},
   journal     = {Annu. Rev. Psychol.},
   number      = {1},
   pages       = {613-640},
   title       = {{Modular Brain Networks.}},
   volume      = {67},
   year        = {2016}
}


@article{squartini2015,
   author      = {Squartini, Tiziano and Mastrandrea, Rossana and 
                  Garlaschelli, Diego},
   issn        = {1367-2630},
   journal     = {New J. Phys.},
   number      = {2},
   pages       = {023052},
   publisher   = {IOP Publishing},
   title       = {{Unbiased sampling of network ensembles}},
   volume      = {17},
   year        = {2015}
}


@article{stam2007,
   author      = {Stam, C J and Reijneveld, J C},
   issn        = {1753-4631 (Electronic) 1753-4631 (Linking)},
   journal     = {Nonlinear Biomed Phys},
   number      = {1},
   pages       = {3},
   title       = {{Graph theoretical analysis of complex networks in the brain}},
   volume      = {1},
   year        = {2007}
}


@article{stam2014,
   author      = {Stam, Cornelis J.},
   issn        = {1471-003X},
   journal     = {Nat. Rev. Neurosci.},
   number      = {10},
   pages       = {683--695},
   publisher   = {Nature Publishing Group},
   title       = {{Modern network science of neurological disorders}},
   volume      = {15},
   year        = {2014}
}


@book{stanley1997,
   title       = {Enumerative Combinatorics. Vol. 1, vol. 49 of Cambridge 
                  Studies in Advanced Mathematics},
   author      = {Stanley, Richard P},
   year        = {1997},
   publisher   = {Cambridge University Press, Cambridge}
}


@article{stanley2013,
   author      = {Stanley, Matthew L and Moussa, Malaak N and Paolini, Brielle M and Lyday, Robert G and Burdette, Jonathan H and Laurienti, Paul J},
   issn        = {1662-5188},
   journal     = {Front. Comput. Neurosci.},
   number      = {November},
   pages       = {169},
   title       = {{Defining nodes in complex brain networks.}},
   volume      = {7},
   year        = {2013}
}


@misc{stauffer1994,
   archiveprefix= {arXiv},
   arxivid     = {0712.0689},
   author      = {Stauffer, D and Aharony, a},
   booktitle   = {Computer (Long. Beach. Calif).},
   eprint      = {0712.0689},
   issn        = {00346861},
   number      = {4},
   pages       = {192},
   title       = {{Introduction to Percolation Theory}},
   url         = {http://www.amazon.com/dp/0748402535},
   volume      = {1},
   year        = {1994}
}


@article{still2004,
   title       = {How many clusters? an information-theoretic perspective},
   author      = {Still, Susanne and Bialek, William},
   journal     = {Neural computation},
   volume      = {16},
   number      = {12},
   pages       = {2483--2506},
   year        = {2004},
   publisher   = {MIT Press}
}


@article{swanson1977,
   author      = {Swanson, L W and Cowan, W M},
   issn        = {0021-9967},
   journal     = {J. Comp. Neurol.},
   pages       = {49--84},
   title       = {{An autoradiographic study of the organization of the 
                  efferent connections of the hippocampal formation in the 
                  rat.}},
   volume      = {172},
   year        = {1977}
}


@article{thomas2011,
   archiveprefix= {arXiv},
   arxivid     = {1101.0788},
   author      = {Thomas, Andrew C. and Blitzstein, Joseph K.},
   eprint      = {1101.0788},
   file        = {:home/carlo/Documents/MendeleyLibrary/Thomas, Blitzstein/Unknown/Thomas, Blitzstein - Valued Ties Tell Fewer Lies Why Not To Dichotomize Network Edges With Thresholds - 2011.pdf:pdf},
   pages       = {1--36},
   title       = {{Valued Ties Tell Fewer Lies: Why Not To Dichotomize Network Edges With Thresholds}},
   journal     = {http://arxiv.org/abs/1101.0788},
   year        = {2011}
}


@article{tijms2013,
   author      = {Tijms, Betty M. and Wink, Alle Meije and de Haan, Willem 
                  and van der Flier, Wiesje M. and Stam, Cornelis J. and 
                  Scheltens, Philip and Barkhof, Frederik},
   issn        = {01974580},
   journal     = {Neurobiol. Aging},
   number      = {8},
   pages       = {2023--2036},
   publisher   = {Elsevier Ltd},
   title       = {{Alzheimer's disease: connecting findings from graph 
                  theoretical studies of brain networks}},
   volume      = {34},
   year        = {2013}
}


@article{tomasi2011,
   author      = {Tomasi, Dardo and Volkow, Nora D},
   issn        = {1460-2199},
   journal     = {Cereb. Cortex},
   pages       = {2003--2013},
   title       = {{Association between Functional Connectivity Hubs and 
                  Brain Networks.}},
   volume      = {21},
   year        = {2011}
}

@article{tomasi2012,
  title={Resting functional connectivity of language networks: characterization and reproducibility},
  author={Tomasi, Dardo and Volkow, Nora D},
  journal={Molecular psychiatry},
  volume={17},
  number={8},
  pages={841--854},
  year={2012},
  publisher={Nature Publishing Group}
}

@article{tononi1994,
   archiveprefix= {arXiv},
   arxivid     = {NIHMS150003},
   author      = {Tononi, G and Sporns, Olaf and Edelman, G M},
   eprint      = {NIHMS150003},
   issn        = {0027-8424},
   journal     = {Proc. Natl. Acad. Sci. U. S. A.},
   number      = {11},
   pages       = {5033--5037},
   title       = {{A measure for brain complexity: relating functional segregation and integration in the nervous system.}},
   volume      = {91},
   year        = {1994}
}


@misc{tononi1998,
   author      = {Tononi, Giulio and Edelman, Gerald M. and Sporns, Olaf},
   booktitle   = {Trends Cogn. Sci.},
   issn        = {13646613},
   number      = {12},
   pages       = {474--484},
   title       = {{Complexity and coherency: Integrating information in the 
                  brain}},
   volume      = {2},
   year        = {1998}
}


@article{tononi1999,
   author      = {Tononi, G and Sporns, O and Edelman, G M},
   issn        = {0027-8424},
   journal     = {Proc.Natl.Acad.Sci.,USA},
   number      = {6},
   pages       = {3257--3262},
   title       = {{Measures of degeneracy and redundancy in biological networks}},
   volume      = {96},
   year        = {1999}
}


@inproceedings{tononi2000,
   author      = {Tononi, Giulio and Edelman, Gerald M.},
   booktitle   = {Brain Res. Rev.},
   issn        = {01650173},
   number      = {2-3},
   pages       = {391--400},
   title       = {{Schizophrenia and the mechanisms of conscious integration}},
   volume      = {31},
   year        = {2000}
}


@article{traag2011,
   author      = {Traag, V.A. and {Van Dooren}, P. and Nesterov, Y.},
   issn        = {1539-3755},
   journal     = {Phys. Rev. E},
   number      = {1},
   pages       = {016114},
   title       = {{Narrow scope for resolution-limit-free community 
                  detection}},
   volume      = {84},
   year        = {2011}
}


@article{traag2013,
   author      = {Traag, V.A and Krings, G and {Van Dooren}, P},
   issn        = {2045-2322},
   journal     = {Sci. Rep.},
   pages       = {2930},
   title       = {{Significant scales in community structure.}},
   volume      = {3},
   year        = {2013}
}


@article{traag2015,
   arxivid     = {1503.0044},
   author      = {Traag, V. A. and Aldecoa, R. and Delvenne, J.-C.},
   issn        = {1539-3755},
   journal     = {Phys. Rev. E},
   number      = {2},
   pages       = {022816},
   title       = {{Detecting communities using asymptotical surprise}},
   volume      = {92},
   year        = {2015}
}


@book{tsybakov:2008,
   author      = {Tsybakov, Alexandre B.},
   title       = {Introduction to Nonparametric Estimation},
   year        = {2008},
   edition     = {1st},
   publisher   = {Springer Publishing Company, Incorporated}
}


@article{tumminello2010,
   archiveprefix= {arXiv},
   arxivid     = {0809.4615},
   author      = {Tumminello, Michele and Lillo, Fabrizio and Mantegna, 
                  Rosario N.},
   eprint      = {0809.4615},
   issn        = {01672681},
   journal     = {J. Econ. Behav. Organ.},
   number      = {1},
   pages       = {40--58},
   title       = {{Correlation, hierarchies, and networks in financial 
                  markets}},
   volume      = {75},
   year        = {2010}
}


@article{tzourio2002,
   author      = {Tzourio-Mazoyer, N and Landeau, B and Papathanassiou, D 
                  and Crivello, F and Etard, O and Delcroix, N and Mazoyer, B 
                  and Joliot, M},
   issn        = {1053-8119},
   journal     = {Neuroimage},
   pages       = {273--289},
   title       = {{Automated anatomical labeling of activations in SPM using 
                  a macroscopic anatomical parcellation of the MNI MRI 
                  single-subject brain.}},
   volume      = {15},
   year        = {2002}
}


@article{utevsky2014,
   author      = {Utevsky, Amanda V and Smith, David V and Huettel, Scott 
                  a},
   issn        = {1529-2401},
   journal     = {J. Neurosci.},
   pages       = {932-940},
   title       = {{Precuneus is a functional core of the default-mode 
                  network.}},
   volume      = {34},
   year        = {2014}
}


@article{van2008small,
   title       = {Small-world and scale-free organization of voxel-based 
                  resting-state functional connectivity in the human brain},
   author      = {van den Heuvel, Martijn P and Stam, Cornelis J and 
                  Boersma, Maria and Pol, HE Hulshoff},
   journal     = {Neuroimage},
   volume      = {43},
   number      = {3},
   pages       = {528--539},
   year        = {2008},
   publisher   = {Elsevier}
}


@article{vandenheuvel2008,
   title       = {Small-world and scale-free organization of voxel-based 
                  resting-state functional connectivity in the human brain},
   author      = {van den Heuvel, Martijn P and Stam, Cornelis J and 
                  Boersma, Maria and Pol, HE Hulshoff},
   journal     = {Neuroimage},
   volume      = {43},
   number      = {3},
   pages       = {528--539},
   year        = {2008},
   publisher   = {Elsevier}
}


@article{vandenheuvel2009,
   title       = {Efficiency of functional brain networks and intellectual 
                  performance},
   author      = {van den Heuvel, Martijn P and Stam, Cornelis J and Kahn, 
                  Ren{\'e} S and Pol, Hilleke E Hulshoff},
   journal     = {The Journal of Neuroscience},
   volume      = {29},
   number      = {23},
   pages       = {7619--7624},
   year        = {2009},
   publisher   = {Soc Neuroscience}
}


@article{vandenheuvel2010,
   author      = {van den Heuvel, Martijn P and {Hulshoff Pol}, Hilleke E},
   issn        = {1873-7862},
   journal     = {Eur. Neuropsychopharmacol.},
   number      = {8},
   pages       = {519-534},
   title       = {{Exploring the brain network: a review on resting-state 
                  fMRI functional connectivity.}},
   volume      = {20},
   year        = {2010}
}


@article{vandenheuvel2010a,
   author      = {van den Heuvel, M P and Mandl, R C and Stam, C J and Kahn, R S and {Hulshoff Pol}, H E},
   issn        = {1529-2401 (Electronic) 0270-6474 (Linking)},
   journal     = {J Neurosci},
   number      = {47},
   pages       = {15915--15926},
   title       = {{Aberrant frontal and temporal complex network structure in schizophrenia: a graph theoretical analysis}},
   volume      = {30},
   year        = {2010}
}


@article{vandenheuvel2011,
   author      = {van den Heuvel, Martijn P. and Sporns, Olaf},
   issn        = {0270-6474},
   journal     = {J. Neurosci.},
   number      = {44},
   pages       = {15775--15786},
   title       = {{Rich-Club Organization of the Human Connectome}},
   volume      = {31},
   year        = {2011}
}


@article{vandenheuvel2013,
   author      = {van den Heuvel, M P and Sporns, O and Collin, G and Scheewe, T and Mandl, R C and Cahn, W and Goni, J and {Hulshoff Pol}, H E and Kahn, R S},
   issn        = {2168-6238},
   journal     = {JAMA Psychiatry},
   number      = {8},
   pages       = {783--792},
   title       = {{Abnormal rich club organization and functional brain dynamics in schizophrenia}},
   volume      = {70},
   year        = {2013}
}


@article{vandenheuvel2013a,
   author      = {van den Heuvel, Martijn P. and Sporns, Olaf},
   issn        = {13646613},
   journal     = {Trends Cogn. Sci.},
   number      = {12},
   pages       = {683--696},
   publisher   = {Elsevier Ltd},
   title       = {{Network hubs in the human brain}},
   volume      = {17},
   year        = {2013}
}


@article{vandenheuvel2014,
   title       = "Brain Networks in Schizophrenia",
   author      = "van den Heuvel, MartijnP. and Fornito, Alex",
   journal     = "Neuropsychology Review",
   volume      = "24",
   number      = "1",
   publisher   = "Springer US",
   pages       = "32-48",
   year        = "2014"
}


@article{vinh2010,
   author      = {Vinh, Nguyen Xuan and Epps, Julien and Bailey, James},
   issn        = {15280020},
   journal     = {J. Mach. Learn. Res.},
   pages       = {2837--2854},
   title       = {{Information theoretic measures for clusterings 
                  comparison: Variants, properties, normalization and 
                  correction for chance}},
   volume      = {11},
   year        = {2010}
}


@article{wang2010,
   author      = {Wang, Jinhui and Zuo, Xinian and He, Yong},
   issn        = {1662-5137},
   journal     = {Front. Syst. Neurosci.},
   number      = {June},
   pages       = {16},
   title       = {{Graph-based network analysis of resting-state functional 
                  MRI.}},
   volume      = {4},
   year        = {2010}
}


@misc{washington2014,
   author      = {Washington, Stuart D and Gordon, Evan M and Brar, Jasmit and Warburton, Samantha and Sawyer, Alice T and Wolfe, Amanda and Mease-Ference, Erin R and Girton, Laura and Hailu, Ayichew and Mbwana, Juma and Gaillard, William D and Kalbfleisch, M Layne and VanMeter, John W},
   booktitle   = {Hum. Brain Mapp.},
   issn        = {1065-9471 (Print)},
   number      = {4},
   pages       = {1284--1296},
   title       = {{Dysmaturation of the Default Mode Network in Autism}},
   volume      = {35},
   year        = {2014}
}


@book{wasserman1994,
   archiveprefix= {arXiv},
   arxivid     = {arXiv:1011.1669v3},
   author      = {Wasserman, Stanley and Faust, Katherine},
   booktitle   = {Am. Ethnol.},
   eprint      = {arXiv:1011.1669v3},
   issn        = {00940496},
   pages       = {219--220},
   title       = {{Social network analysis : methods and applications}},
   publisher   = {{Cambridge University Press}},
   volume      = {24},
   year        = {1994}
}


@article{watts1998,
   archiveprefix= {arXiv},
   arxivid     = {0803.0939v1},
   author      = {Watts, D J and Strogatz, S H},
   eprint      = {0803.0939v1},
   issn        = {0028-0836},
   journal     = {Nature},
   number      = {6684},
   pages       = {440-442},
   title       = {{Collective dynamics of 'small-world' networks.}},
   volume      = {393},
   year        = {1998}
}


@article{welvaert2011,
   author      = "Welvaert, Marijke and Durnez, Joke and Moerkerke, Beatrijs 
                  and Berdoolaege, Geert and Rosseel, Yves",
   title       = "neu{R}osim: An R Package for Generating fMRI Data",
   journal     = "Journal of Statistical Software",
   volume      = "44",
   number      = "1",
   year        = "2011",
   issn        = "1548-7660",
   pages       = "1--18",
}


@article{welvaert2013,
   author      = "Welvaert, Marijke and Rosseel, Yves",
   journal     = "PLoS ONE",
   publisher   = "Public Library of Science",
   title       = "On the Definition of Signal-To-Noise Ratio and 
                  Contrast-To-Noise Ratio for fMRI Data",
   year        = "2013",
   volume      = "8",
   pages       = "e77089",
   number      = "11",
}


@article{wimp1983,
   author      = {Wimp, Jet},
   issn        = {08981221},
   journal     = {Comput. Math. with Appl.},
   number      = {5},
   pages       = {669--678},
   title       = {{Irreducible recurrences and representation theorems for 
                  3F2(1)}},
   volume      = {9},
   year        = {1983}
}


@article{windischberger2008,
   author      = "Windischberger, Christian and Cunnington, Ross and Lamm, 
                  Claus and Lanzenberger, Rupert and Langenberger, Herbert 
                  and Deecke, L{\"{u}}der and Bauer, Herbert and Moser, 
                  Ewald",
   title       = "Time-resolved analysis of fMRI signal changes using Brain 
                  Activation Movies.",
   journal     = "Journal of neuroscience methods",
   volume      = "169",
   number      = "1",
   pages       = "222-230",
   year        = "2008"
}


@article{xia2013,
   author      = {Xia, Mingrui and Wang, Jinhui and He, Yong},
   issn        = {1932-6203},
   journal     = {PLoS {ONE}},
   number      = {7},
   pages       = {e68910},
   title       = {{BrainNet Viewer: a network visualization tool for human 
                  brain connectomics.}},
   volume      = {8},
   year        = {2013}
}


@article{yamaguti2015,
   author      = {Yamaguti, Yutaka and Tsuda, Ichiro},
   issn        = {18792782},
   journal     = {Neural Networks},
   pages       = {3--10},
   title       = {{Mathematical modeling for evolution of heterogeneous modules in the brain}},
   volume      = {62},
   year        = {2015}
}


@article{yeo2011,
   author      = {{Thomas Yeo}, B T and Krienen, Fenna M and Sepulcre, Jorge 
                  and Sabuncu, Mert R and Lashkari, Danial and Hollinshead, 
                  Marisa and Roffman, Joshua L and Smoller, Jordan W and 
                  Z\"{o}llei, Lilla and Polimeni, Jonathan R and Fischl, 
                  Bruce and Liu, Hesheng and Buckner, Randy L},
   issn        = {1522-1598},
   journal     = {J. Neurophysiol.},
   number      = {3},
   pages       = {1125--1165},
   title       = {{The organization of the human cerebral cortex estimated 
                  by intrinsic functional connectivity}},
   volume      = {106},
   year        = {2011}
}


@article{yu2011,
   author      = {Yu, Qingbao and Sui, Jing and Rachakonda, Srinivas and He, Hao and Gruner, William and Pearlson, Godfrey and Kiehl, Kent A. and Calhoun, Vince D.},
   issn        = {19326203},
   journal     = {PLoS One},
   number      = {9},
   title       = {{Altered topological properties of functional network connectivity in schizophrenia during resting state: A small-world brain Network study}},
   volume      = {6},
   year        = {2011}
}


@article{yu2012,
   author      = {Yu, Qingbao and Plis, Sergey M. and Erhardt, Erik B. and Allen, Elena a. and Sui, Jing and Kiehl, Kent a. and Pearlson, Godfrey and Calhoun, Vince D},
   issn        = {1662-5137},
   journal     = {Front. Syst. Neurosci.},
   number      = {January},
   pages       = {1--16},
   title       = {{Modular Organization of Functional Network Connectivity in Healthy Controls and Patients with Schizophrenia during the Resting State}},
   volume      = {5},
   year        = {2012}
}


@article{zachary1977,
   author      = {Zachary, Wayne W},
   issn        = {00917710},
   journal     = {J. Anthropol. Res.},
   number      = {4},
   pages       = {452--473},
   title       = {{An Information Flow Model for Conflict and Fission in Small Groups}},
   volume      = {33},
   year        = {1977}
}


@article{zahoranszky-kohalmi2016a,
   author      = {Zahor{\'{a}}nszky-Kőhalmi, Gergely and Bologa, Cristian G. and Oprea, Tudor I.},
   file        = {:home/carlo/Documents/MendeleyLibrary/Zahor{\'{a}}nszky-Kőhalmi, Bologa, Oprea/Journal of Cheminformatics/Zahor{\'{a}}nszky-Kőhalmi, Bologa, Oprea - Impact of similarity threshold on the topology of molecular similarity networks and clustering ou.pdf:pdf;:home/carlo/Documents/MendeleyLibrary/Zahor{\'{a}}nszky-Kőhalmi, Bologa, Oprea/Journal of Cheminformatics/Zahor{\'{a}}nszky-Kőhalmi, Bologa, Oprea - Impact of similarity threshold on the topology of molecular similarity networks and clustering(2).pdf:pdf},
   issn        = {1758-2946},
   journal     = {J. Cheminform.},
   number      = {1},
   pages       = {16},
   publisher   = {Springer International Publishing},
   title       = {{Impact of similarity threshold on the topology of molecular similarity networks and clustering outcomes}},
   volume      = {8},
   year        = {2016}
}


@article{zamora-lopez2010,
   author      = {Zamora-L{\'{o}}pez, Gorka and Zhou, Changsong and Kurths, J{\"{u}}rgen},
   issn        = {1662-5196},
   journal     = {Front. Neuroinform.},
   number      = {March},
   pages       = {1},
   title       = {{Cortical hubs form a module for multisensory integration on top of the hierarchy of cortical networks.}},
   volume      = {4},
   year        = {2010}
}


@article{zeki1998,
   author      = {Zeki, S and Bartels, a},
   issn        = {0962-8436},
   journal     = {Philos. Trans. B},
   number      = {1377},
   pages       = {1911--1914},
   title       = {{The autonomy of the visual systems and the modularity of 
                  conscious vision.}},
   volume      = {353},
   year        = {1998}
}


@article{zhang2015a,
   archiveprefix= {arXiv},
   arxivid     = {1501.0384},
   author      = {Zhang, P},
   eprint      = {1501.0384},
   issn        = {Journal of Statistical Mechanics: Theory and Experiment},
   journal     = {arXiv Prepr. arXiv1501.03844},
   number      = {3},
   pages       = {1--6},
   publisher   = {IOP Publishing},
   title       = {{A revisit to evaluating accuracy of community detection using the normalized mutual information}},
   year        = {2015}
}


@article{jonckers2015,
  title={The power of using functional fMRI on small rodents to study brain pharmacology and disease},
  author={Jonckers, Elisabeth and Shah, Disha and Hamaide, Julie and Verhoye, Marleen and Van der Linden, Annemie},
  journal={Frontiers in pharmacology},
  volume={6},
  year={2015},
  publisher={Frontiers Media SA}
}

@article{garrity2007,
  title={Aberrant “default mode” functional connectivity in schizophrenia},
  author={Garrity, Abigail G and Pearlson, Godfrey D and McKiernan, Kristen and Lloyd, Dan and Kiehl, Kent A and Calhoun, Vince D},
  journal={American journal of psychiatry},
  volume={164},
  number={3},
  pages={450--457},
  year={2007},
  publisher={Am Psychiatric Assoc}
}

@article{song2014,
  title={Age-related reorganizational changes in modularity and functional connectivity of human brain networks},
  author={Song, Jie and Birn, Rasmus M and Boly, M{\'e}lanie and Meier, Timothy B and Nair, Veena A and Meyerand, Mary E and Prabhakaran, Vivek},
  journal={Brain connectivity},
  volume={4},
  number={9},
  pages={662--676},
  year={2014},
  publisher={Mary Ann Liebert, Inc. 140 Huguenot Street, 3rd Floor New Rochelle, NY 10801 USA}
}

@article{catani2005,
  title={The rises and falls of disconnection syndromes},
  author={Catani, Marco and others},
  journal={Brain},
  volume={128},
  number={10},
  pages={2224--2239},
  year={2005},
  publisher={Oxford Univ Press}
}

@article{dehaene1998,
  title={A neuronal model of a global workspace in effortful cognitive tasks},
  author={Dehaene, Stanislas and Kerszberg, Michel and Changeux, Jean-Pierre},
  journal={Proceedings of the National Academy of Sciences},
  volume={95},
  number={24},
  pages={14529--14534},
  year={1998},
  publisher={National Acad Sciences}
}

@article{varela2001,
  title={The brainweb: phase synchronization and large-scale integration},
  author={Varela, Francisco and Lachaux, Jean-Philippe and Rodriguez, Eugenio and Martinerie, Jacques},
  journal={Nature reviews neuroscience},
  volume={2},
  number={4},
  pages={229--239},
  year={2001},
  publisher={Nature Publishing Group}
}

@article{kaiser2006,
  title={Nonoptimal component placement, but short processing paths, due to long-distance projections in neural systems},
  author={Kaiser, Marcus and Hilgetag, Claus C},
  journal={PLoS Comput Biol},
  volume={2},
  number={7},
  pages={e95},
  year={2006},
  publisher={Public Library of Science}
}

@article{bressler2010,
  title={Large-scale brain networks in cognition: emerging methods and principles},
  author={Bressler, Steven L and Menon, Vinod},
  journal={Trends in cognitive sciences},
  volume={14},
  number={6},
  pages={277--290},
  year={2010},
  publisher={Elsevier}
}

@article{raghavan2007,
  title={Near linear time algorithm to detect community structures in large-scale networks},
  author={Raghavan, Usha Nandini and Albert, R{\'e}ka and Kumara, Soundar},
  journal={Physical review E},
  volume={76},
  number={3},
  pages={036106},
  year={2007},
  publisher={APS}
}