@misc{buhring1992,
author	= {Buhring, Wolfgang},
booktitle	= {Proc. Amer. Math. Soc},
issn		= {0002-9939},
pages		= {145--145},
title		= {{Generalized hypergeometric functions at unit argument}},
volume	= {114},
year		= {1992}
}


@misc{buckner2008,
author = {Buckner, Randy L. and Andrews-Hanna, Jessica R. and Schacter, Daniel L.},
booktitle = {Ann. N. Y. Acad. Sci.},
issn = {00778923},
pages = {1--38},
title = {{The brain's default network: Anatomy, function, and relevance to disease}},
volume = {1124},
year = {2008}
}


@article{cavanna2006,
author = {Cavanna, Andrea E. and Trimble, Michael R.},
doi = {10.1093/brain/awl004},
isbn = {1460-2156 (Electronic) 0006-8950 (Linking)},
issn = {1460-2156},
journal = {Brain},
month = {mar},
number = {Pt 3},
pages = {564--583},
pmid = {16399806},
title = {{The precuneus: a review of its functional anatomy and behavioural correlates.}},
volume = {129},
year = {2006}
}


@article{fortunato2010,
archivePrefix = {arXiv},
arxivId = {0906.0612},
author = {Fortunato, Santo},
doi = {10.1016/j.physrep.2009.11.002},
isbn = {0370-1573},
issn = {03701573},
journal = {Phys. Rep.},
month = {feb},
number = {3-5},
pages = {75--174},
pmid = {22166104},
publisher = {Elsevier B.V.},
title = {{Community detection in graphs}},
volume = {486},
year = {2010}
}


@misc{gurobi,
year = {2015},
title = {{G}urobi {O}ptimization version 5.7, {G}urobi {O}ptimization, {I}nc., {H}ouston, {T}exas, {U}nited {S}tates},
}


@inbook{leiserson2001,
author	= {Cormen, Thomas H. and Stein, Clifford and Rivest, Ronald 
L. and Leiserson, Charles E.},
title		= {Introduction to Algorithms},
chapter = {21},
year		= {2001},
edition	= {2nd},
publisher	= {McGraw-Hill Higher Education}
}


@book{abramowitz2012handbook,
title		= {Handbook of mathematical functions: with formulas, graphs, 
and mathematical tables},
author	= {Abramowitz, Milton and Stegun, Irene A},
year		= {2012},
publisher	= {Courier Dover Publications}
}


@article{alba1973,
author = {Alba, Richard D.},
issn = {0022-250X},
journal = {J. Math. Sociol.},
number = {1},
pages = {113--126},
title = {{A graph-theoretic definition of a sociometric clique}},
volume = {3},
year = {1973}
}


@article{aldecoa2011,
author	= {Aldecoa, Rodrigo and Mar\'{\i}n, Ignacio},
issn		= {1932-6203},
doi = {10.1371/journal.pone.0024195},
journal	= {PLoS {ONE}},
number	= {9},
pages		= {e24195},
title		= {{Deciphering network community structure by surprise.}},
volume	= {6},
year		= {2011}
}


@article{aldecoa2013,
author = {Aldecoa, Rodrigo and Mar\'{\i}n, Ignacio},
doi = {10.1038/srep01060},
issn = {2045-2322},
journal = {Sci. Rep.},
pages = {1060},
pmid = {23320141},
title = {{Surprise maximization reveals the community structure of complex networks.}},
volume = {3},
year = {2013}
}


@article{aldecoa2014,
author = {Aldecoa, Rodrigo and Mar\'{\i}n, Ignacio},
journal = {Bioinformatics},
number = {7},
pages = {1041--1042},
publisher = {Oxford University Press},
title = {{SurpriseMe: an integrated tool for network community structure characterization using Surprise maximization}},
volume = {30},
year = {2014}
}


@article{antoniou2008,
author	= {Antoniou, I. E. and Tsompa, E. T.},
issn		= {1026-0226},
journal	= {Discrete Dynamics in Nature and Society},
pages		= {1--16},
title		= {{Statistical Analysis of Weighted Networks}},
volume	= {2008},
year		= {2008}
}


@article{arenas2008,
author	= {Arenas, A and Fern\'{a}ndez, A and G\'{o}mez, S},
journal	= {New J. Phys.},
number	= {5},
pages		= {53039},
title		= {{Analysis of the structure of complex networks at different resolution levels}},
volume	= {10},
year		= {2008}
}


@article{arnauvmarss2005,
author = {Arnau, Vicente and Mars, Sergio and Mar\'{\i}n, I.},
doi = {10.1093/bioinformatics/bti021},
issn = {1367-4803},
journal = {Bioinformatics},
month = {feb},
number = {3},
pages = {364--378},
pmid = {15374873},
title = {{Iterative Cluster Analysis of Protein Interaction Data}},
volume = {21},
year = {2005}
}


@article{baddeley2003,
author = {Baddeley, Alan},
doi = {10.1038/nrn1201},
isbn = {1471-003X},
issn = {1471-003X},
journal = {Nat. Rev. Neurosci.},
pages = {829--839},
pmid = {14523382},
title = {{Working memory: looking back and looking forward.}},
volume = {4},
year = {2003}
}


@article{barrat2004,
author	= {Barrat, a and Barth\'{e}lemy, M and Pastor-Satorras, R and 
Vespignani, a},
issn		= {0027-8424},
journal	= {Proc. Natl. Acad. Sci. U.S.A.},
number	= {11},
pages		= {3747-3752},
title		= {{The architecture of complex weighted networks.}},
volume	= {101},
year		= {2004}
}


@article{beckmann2005,
author	= {Beckmann, Christian F and DeLuca, Marilena and Devlin, 
Joseph T and Smith, Stephen M},
issn		= {0962-8436},
journal	= {Philos. Trans. R. Soc. Lond. B. Biol. Sci.},
pages		= {1001--1013},
title		= {{Investigations into resting-state connectivity using 
independent component analysis.}},
volume	= {360},
year		= {2005}
}


@article{berry2011,
author	= {Berry, Jonathan W. and Hendrickson, Bruce and LaViolette, 
Randall a. and Phillips, Cynthia a.},
issn		= {1539-3755},
journal	= {Phys. Rev. E},
number	= {5},
pages		= {056119},
title		= {{Tolerating the community detection resolution limit with 
edge weighting}},
volume	= {83},
year		= {2011}
}


@article{bickart2014,
author	= {Bickart, Kevin C and Dickerson, Bradford C and Barrett, 
Lisa Feldman},
issn		= {1873-3514},
journal	= {Neuropsychologia},
pages		= {235-248},
publisher	= {Elsevier},
title		= {{The amygdala as a hub in brain networks that support 
social life.}},
volume	= {63},
year		= {2014}
}


@article{biswal1995,
author	= {Biswal, B and {Zerrin Yetkin}, F and Haughton, V M and 
Hyde, J S},
issn		= {1522-2594},
journal	= {Magn. Reson. Med.},
pages		= {537--541},
title		= {{Functional connectivity in the motor cortex of resting 
human brain using echo-planar mri}},
volume	= {34},
year		= {1995}
}


@misc{Biswal2012,
author = {Biswal, Bharat B.},
booktitle = {Neuroimage},
doi = {10.1016/j.neuroimage.2012.01.090},
isbn = {1053-8119},
issn = {10538119},
keywords = {BOLD,Breath hold,FMRI,Hypercapnia,Motor cortex,Prediction,Resting state fluctuations,Resting state functional connectivity,Task activation,Vascular},
number = {2},
pages = {938--944},
pmid = {22326802},
title = {{Resting state fMRI: A personal history}},
volume = {62},
year = {2012}
}


@article{blondel2008,
author = {Blondel, Vincent D and Guillaume, Jean-loup and Lambiotte, Renaud and Lefebvre, Etienne},
doi = {10.1088/1742-5468/2008/10/P10008},
isbn = {1742-5468},
issn = {1742-5468},
journal = {Journal of Statistical Mechanics: Theory and Experiment},
keywords = {Critical phenomena of socio-economic systems,Random graphs,Socio-economic networks,networks},
month = oct,
number = {10},
pages = {P10008},
pmid = {260529900010},
title = {{Fast unfolding of communities in large networks}},
volume = {2008},
year = {2008}
}


@article{bogolubsky2006,
author	= {Bogolubsky, A. I. and Skorokhodov, S. L.},
issn		= {0361-7688},
journal	= {Programming and Computer Software},
number	= {3},
pages		= {145--153},
title		= {{Fast evaluation of the hypergeometric function
$pF_{p-1}(a;b;z)$ at the singular point $z=1$ by means of 
the Hurwitz zeta function $\zeta(\alpha, s)$ }},
volume	= {32},
year		= {2006}
}


@article{bullmore2009,
author = {Bullmore, Ed and Sporns, Olaf},
doi = {10.1038/nrn2575},
issn = {1471-0048},
journal = {Nat. Rev. Neurosci.},
keywords = {Animals,Brain,Brain Mapping,Brain Mapping: methods,Brain: anatomy \& histology,Brain: physiology,Computer Graphics,Computer Graphics: trends,Electroencephalography,Electroencephalography: methods,Humans,Image Processing, Computer-Assisted,Image Processing, Computer-Assisted: methods,Magnetic Resonance Imaging,Magnetic Resonance Imaging: methods,Magnetoencephalography,Magnetoencephalography: methods,Nerve Net,Nerve Net: anatomy \& histology,Nerve Net: physiology,Neural Networks (Computer)},
month = mar,
number = {3},
pages = {186--98},
pmid = {19190637},
title = {{Complex brain networks: graph theoretical analysis of structural and functional systems.}},
volume = {10},
year = {2009}
}


@article{chen2013,
author	= {Chen, Ashley C and Etkin, Amit},
issn		= {1740-634X},
journal	= {Neuropsychopharmacology},
number	= {10},
pages		= {1889-1898},
title		= {{Hippocampal network connectivity and activation 
differentiates post-traumatic stress disorder from 
generalized anxiety disorder.}},
volume	= {38},
year		= {2013}
}


@inbook{kandel2013,
title = "Principles of neural science",
editor = {Kandel, Eric Richard and Schwartz, James Harris and Jessell, Thomas M. and Mack, Sarah},
chapter = {15},
pages = {346-347},
publisher = "McGraw-Hill Medical",
address = "New York, Chicago, San Francisco",
isbn = "978-0-07-139011-8",
year = {2013}
}


@article{eguiluz2005,
archivePrefix = {arXiv},
arxivId = {cond-mat/0309092},
author = {Egu\'{\i}luz, Victor and Chialvo, Dante and Cecchi, Guillermo and Baliki, Marwan and Apkarian, A.V.},
doi = {10.1103/PhysRevLett.94.018102},
issn = {0031-9007},
journal = {Phys. Rev. Lett.},
pages = {18102},
primaryClass = {cond-mat},
title = {{Scale-Free Brain Functional Networks}},
volume = {94},
year = {2005}
}


@article{chvatal1979,
title		= "The tail of the hypergeometric distribution ",
journal	= "Discrete Mathematics ",
volume	= "25",
number	= "3",
pages		= "285 - 287",
year		= "1979",
issn		= "0012-365X",
author	= "V. Chv√°tal"
}


@article{clauset2004,
title		= {Finding community structure in very large networks},
author	= {Clauset, Aaron and Newman, M. E. J. and Moore, 
Cristopher},
journal	= {Phys. Rev. E},
volume	= {70},
issue		= {6},
pages		= {066111},
numpages	= {6},
year		= {2004},
publisher	= {American Physical Society},
}


@article{cole2010,
author	= {Cole, David M and Smith, Stephen M and Beckmann, Christian F},
issn		= {1662-5137},
journal	= {Front. Syst. Neurosci.},
pages		= {8},
title		= {{Advances and pitfalls in the analysis and interpretation 
of resting-state FMRI data.}},
volume	= {4},
year		= {2010}
}


@article{crossley2013a,
author = {Crossley, N A and Mechelli, A and Vertes, P E and Winton-Brown, T T and Patel, A X and Ginestet, C E and McGuire, P and Bullmore, E T},
doi = {DOI 10.1073/pnas.1220826110},
isbn = {0027-8424},
journal	= {Proc. Natl. Acad. Sci. U.S.A.},
number = {38},
pages = {11583--11588},
title = {{Cognitive relevance of the community structure of the human brain functional coactivation network}},
volume = {110},
year = {2013}
}


@article{crossley2013b,
author	= {Crossley, Nicolas A and Mechelli, Andrea and V\'{e}rtes, 
Petra E and Toby, T and Patel, Ameera X and Ginestet, 
Cedric E and Winton-brown, Toby T},
journal	= {Proc. Natl. Acad. Sci. U.S.A.},
number	= {38},
pages		= {1--10},
title		= {{Cognitive relevance of the community structure of the 
human brain functional coactivation network (Supplementary material)}},
volume	= {110},
year		= {2013}
}


@article{laird2005,
author = {Laird, Angela R and Lancaster, Jack L and Fox, Peter T},
doi = {10.1385/NI:3:1:065},
isbn = {1539-2791 (Print)},
issn = {1539-2791},
journal = {Neuroinformatics},
pages = {65--78},
pmid = {15897617},
title = {{BrainMap: the social evolution of a human brain mapping database.}},
volume = {3},
year = {2005}
}


@article{fox2002,
author = {Fox, Peter T and Lancaster, Jack L},
doi = {10.1038/nrn789},
isbn = {1471-003X (Print)},
issn = {1471-003X},
journal = {Nat. Rev. Neurosci.},
pages = {319--321},
pmid = {11967563},
title = {{Opinion: Mapping context and content: the BrainMap model.}},
volume = {3},
year = {2002}
}


@article{damoiseaux2006,
author	= {Damoiseaux, J S and Rombouts, S A R B and Barkhof, F and 
Scheltens, P and Stam, C J and Smith, S M and Beckmann, C 
F},
issn		= {0027-8424},
journal	= {Proc. Natl. Acad. Sci. U.S.A.},
pages		= {13848--13853},
title		= {{Consistent resting-state networks across healthy 
subjects.}},
volume	= {103},
year		= {2006}
}


@article{deluca2006,
author	= {{De Luca}, M and Beckmann, C F and {De Stefano}, N and 
Matthews, P M and Smith, S M},
issn		= {1053-8119},
journal	= {Neuroimage},
number	= {4},
pages		= {1359-1367},
title		= {{fMRI resting state networks define distinct modes of 
long-distance interactions in the human brain.}},
volume	= {29},
year		= {2006}
}


@article{fanselow2010,
author = {Fanselow, Michael S and Dong, Hong-Wei},
issn = {08966273},
journal = {Neuron},
pages = {7--19},
title = {{Are the dorsal and ventral hippocampus functionally distinct structures?}},
volume = {65},
year = {2010}
}


@InCollection{fleck2014,
year		= {2014},
booktitle	= {SOFSEM 2014: Theory and Practice of Computer Science},
volume	= {8327},
series	= {Lecture Notes in Computer Science},
editor	= {Geffert, Viliam and Preneel, Bart and Rovan, Branislav and 
≈†tuller, J√∫lius and Tjoa, AMin},
title		= {Graph Clustering with Surprise: Complexity and Exact 
Solutions},
publisher	= {Springer International Publishing},
author	= {Fleck, Tobias and Kappes, Andrea and Wagner, Dorothea},
pages		= {223-234},
}


@article{fortunato2007,
author	= {Fortunato, Santo and Barth\'{e}lemy, Marc},
issn		= {0027-8424},
journal	= {Proc. Natl. Acad. Sci. U.S.A.},
number	= {1},
pages		= {36--41},
title		= {{Resolution limit in community detection.}},
volume	= {104},
year		= {2007}
}


@article{fransson2006,
author	= {Fransson, Peter},
issn		= {0028-3932},
journal	= {Neuropsychologia},
number	= {14},
pages		= {2836-2845},
title		= {{How default is the default mode of brain function? 
Further evidence from intrinsic BOLD signal 
fluctuations.}},
volume	= {44},
year		= {2006}
}


@article{friston1998,
title		= {Event-related fMRI: characterizing differential 
responses},
author	= {Friston, Karl J and Fletcher, P and Josephs, O and Holmes, 
A and Rugg, MD and Turner, R},
journal	= {Neuroimage},
volume	= {7},
number	= {1},
pages		= {30--40},
year		= {1998},
publisher	= {Elsevier}
}


@article{good2009,
title = {Performance of modularity maximization in practical contexts},
author = {Good, Benjamin H. and de Montjoye, Yves-Alexandre and Clauset, Aaron},
journal = {Phys. Rev. E},
volume = {81},
issue = {4},
pages = {046106},
numpages = {19},
year = {2010},
month = {Apr},
publisher = {American Physical Society},
}


@article{guimera2005,
author	= {Guimera, Roger and {Nunes Amaral}, Luis A and {R. 
Guimera}, L. Amaral},
issn		= {0028-0836},
journal	= {Nature},
number	= {7028},
pages		= {895--900},
title		= {{Functional cartography of complex metabolic networks}},
volume	= {433},
year		= {2005}
}


@article{hagmann2008,
author = {Hagmann, Patric and Cammoun, Leila and Gigandet, Xavier and Meuli, Reto and Honey, Christopher J. and {Van Wedeen}, J. and Sporns, Olaf},
issn = {15449173},
journal = {PLoS Biol.},
pages = {1479--1493},
title = {{Mapping the structural core of human cerebral cortex}},
volume = {6},
year = {2008}
}


@article{he2009,
author	= {He, Yong AND Wang, Jinhui AND Wang, Liang AND Chen, Zhang 
J. AND Yan, Chaogan AND Yang, Hong AND Tang, Hehan AND Zhu, 
Chaozhe AND Gong, Qiyong AND Zang, Yufeng AND Evans, Alan 
C.},
journal	= {PLoS {ONE}},
publisher	= {Public Library of Science},
title		= {Uncovering Intrinsic Modular Organization of Spontaneous 
Brain Activity in Humans},
year		= {2009},
volume	= {4},
pages		= {e5226},
number	= {4},
}


@article{hoeffding1963,
author	= {Hoeffding, Wassily},
title		= {Probability Inequalities for Sums of Bounded Random 
Variables},
journal	= {J. Amer. Statist. Assoc.},
year		= {1963},
volume	= {58},
number	= {301},
pages		= {13--30},
}


@article{hush2005,
author	= {Hush, Don and Scovel, Clint},
issn		= {01677152},
journal	= {Stat. Probab. Lett.},
number	= {2},
pages		= {127--132},
title		= {{Concentration of the hypergeometric distribution}},
volume	= {75},
year		= {2005}
}


@article{jiang2014,
author	= {Jiang, Yawen and Jia, Caiyan and Yu, Jian},
issn		= {1751-8113},
journal	= {J. Phys. A},
number	= {16},
pages		= {165101},
title		= {{An efficient community detection algorithm using greedy 
surprise maximization}},
volume	= {47},
year		= {2014}
}


@article{kawamoto2015,
author	= {Kawamoto, Tatsuro and Rosvall, Martin},
issn		= {1539-3755},
journal	= {Phys. Rev. E},
number	= {1},
pages		= {012809},
title		= {{Estimating the resolution limit of the map equation in 
community detection}},
volume	= {91},
year		= {2015}
}


@article{squartini2015,
author = {Squartini, Tiziano and Mastrandrea, Rossana and Garlaschelli, Diego},
doi = {10.1088/1367-2630/17/2/023052},
issn = {1367-2630},
journal = {New J. Phys.},
keywords = {02.10.Ox,02.70.Rr,05.10.-a,89.75.Hc,complex networks,ensemble nonequivalence,maximum entropy principle,null models of graphs,sampling network ensembles},
month = {feb},
number = {2},
pages = {023052},
publisher = {IOP Publishing},
title = {{Unbiased sampling of network ensembles}},
volume = {17},
year = {2015}
}


@article{kehagias2013,
author	= {Kehagias, Ath. and Pitsoulis, L.},
issn		= {1434-6028},
journal	= {Eur. Phys. J. B},
number	= {7},
pages		= {330},
title		= {{Bad communities with high modularity}},
volume	= {86},
year		= {2013}
}


@article{kemp1956,
author	= {Kemp, CD and Kemp, AW},
journal	= {J. R. Stat. Soc. Ser. B. Stat. Methodol.},
pages		= {202--211},
title		= {{Generalized hypergeometric distributions}},
volume	= {18},
year		= {1956}
}


@article{khadivi2011,
author	= {Khadivi, Alireza and {Ajdari Rad}, Ali and Hasler, 
Martin},
issn		= {1539-3755},
journal	= {Phys. Rev. E},
number	= {4},
pages		= {046104},
title		= {{Network community-detection enhancement by proper 
weighting}},
volume	= {83},
year		= {2011}
}


@article{laird2010,
author	= {Laird, Angela R and Robinson, Jennifer L and McMillan, 
Kathryn M and Tordesillas-Guti\'{e}rrez, Diana and Moran, 
Sarah T and Gonzales, Sabina M and Ray, Kimberly L and 
Franklin, Crystal and Glahn, David C and Fox, Peter T and 
Lancaster, Jack L},
issn		= {1095-9572},
journal	= {Neuroimage},
number	= {2},
pages		= {677-683},
title		= {{Comparison of the disparity between Talairach and MNI 
coordinates in functional neuroimaging data: validation of 
the Lancaster transform.}},
volume	= {51},
year		= {2010}
}


@article{lancaster2007,
author	= {Lancaster, Jack L and Tordesillas-Guti\'{e}rrez, Diana and 
Martinez, Michael and Salinas, Felipe and Evans, Alan and 
Zilles, Karl and Mazziotta, John C and Fox, Peter T},
issn		= {1065-9471},
journal	= {Hum. Brain Mapp.},
number	= {11},
pages		= {1194-1205},
title		= {{Bias between MNI and Talairach coordinates analyzed using 
the ICBM-152 brain template.}},
volume	= {28},
year		= {2007}
}


@article{lancichinetti2008,
title		= {Benchmark graphs for testing community detection 
algorithms},
author	= {Lancichinetti, Andrea and Fortunato, Santo and Radicchi, 
Filippo},
journal	= {Phys. Rev. E},
volume	= {78},
issue		= {4},
pages		= {046110},
numpages	= {5},
year		= {2008},
publisher	= {American Physical Society},
}


@article{lancichinetti2009,
author = {Lancichinetti, Andrea and Fortunato, Santo},
doi = {10.1103/PhysRevE.80.056117},
issn = {1539-3755},
journal = {Phys. Rev. E},
keywords = {community structure,networks},
number = {5},
pages = {056117},
pmid = {19658785},
title = {{Community detection algorithms: a comparative analysis}},
volume = {80},
year = {2009}
}


@article{lancichinetti2011,
archivePrefix = {arXiv},
arxivId = {1107.1155},
author = {Lancichinetti, Andrea and Fortunato, Santo},
doi = {10.1103/PhysRevE.84.066122},
isbn = {1539-3755},
issn = {15393755},
journal	= {Phys. Rev. E},
keywords = {community detection,modularity,networks},
number = {6},
pages = {1--9},
pmid = {22304170},
title = {{Limits of modularity maximization in community detection}},
volume = {84},
year = {2011}
}


@article{markett2014,
author	= {Markett, Sebastian and Reuter, Martin and Montag, 
Christian and Voigt, Gesine and Lachmann, Bernd and Rudorf, 
Sarah and Elger, Christian E and Weber, Bernd},
issn		= {1097-0193},
journal	= {Hum. Brain Mapp.},
number	= {4},
pages		= {1700-1709},
title		= {{Assessing the function of the fronto-parietal attention 
network: insights from resting-state fMRI and the 
attentional network test.}},
volume	= {35},
year		= {2014}
}


@book{meila2003,
address = {Berlin, Heidelberg},
author = {Meila, M. and Meila, M.},
booktitle = {Learn. theory Kernel Mach. 16th Annu. Conf. Learn. Theory 7th Kernel Work. COLT/Kernel 2003, Washington, DC, USA, August 24-27, 2003 Proc.},
doi = {10.1007/b12006},
editor = {Sch\"{o}lkopf, Bernhard and Warmuth, Manfred K.},
isbn = {978-3-540-40720-1},
issn = {03029743},
pages = {173},
publisher = {Springer Berlin Heidelberg},
series = {Lecture Notes in Computer Science},
title = {{Learning Theory and Kernel Machines}},
volume = {2777},
year = {2003}
}


@article{meunier2010,
author	= {Meunier, David and Lambiotte, Renaud and Bullmore, Edward T},
issn		= {1662-453X},
journal	= {Front. Neurosci.},
number	= {December},
pages		= {200},
title		= {{Modular and hierarchically modular organization of brain 
networks.}},
volume	= {4},
year		= {2010}
}


@article{meunier2009,
archivePrefix = {arXiv},
arxivId = {1004.3153},
author = {Meunier, David and Lambiotte, Renaud and Fornito, Alex and Ersche, Karen D and Bullmore, Edward T},
doi = {10.3389/neuro.11.037.2009},
issn = {1662-5196},
journal = {Front. Neuroinform.},
month = apr,
pages = {37},
pmid = {19949480},
title = {{Hierarchical modularity in human brain functional networks}},
volume = {3},
year = {2010}
}


@article{mcintosh2000,
author = {McIntosh, A R},
doi = {http://dx.doi.org/10.1016/S0893-6080(00)00059-9},
issn = {0893-6080},
journal = {Neural Netw.},
keywords = {Cognitive neuroscience,Connectivity,Plasticity},
number = {8‚Äì9},
pages = {861--870},
title = {{Towards a network theory of cognition}},
volume = {13},
year = {2000}
}


@article{moser1998,
author = {Moser, May-Britt and Moser, Edvard I.},
doi = {10.1002/(SICI)1098-1063(1998)8:6<608::AID-HIPO3>3.0.CO;2-7},
isbn = {1050-9631 (Print)$\backslash$r1050-9631 (Linking)},
issn = {1050-9631},
journal = {Hippocampus},
keywords = {Dorsal,Memory,Septotemporal,Spatial learning,Ventral},
number = {6},
pages = {608--619},
pmid = {9882018},
title = {{Functional differentiation in the hippocampus}},
volume = {8},
year = {1998}
}


@Manual{mpmath,
key		= {mpmath},
author	= {Fredrik Johansson and others},
title		= {mpmath: a {P}ython library for arbitrary-precision 
floating-point arithmetic (version 0.18)},
year		= {2013}
}


@article{newman2006,
author	= {Newman, M E J},
issn		= {0027-8424},
journal	= {Proc. Natl. Acad. Sci. U.S.A.},
number	= {23},
pages		= {8577-8582},
title		= {{Modularity and community structure in networks.}},
volume	= {103},
year		= {2006}
}


@article{radicchi2004,
author	= {Radicchi, Filippo and Castellano, Claudio and Cecconi, 
Federico and Loreto, Vittorio and Parisi, Domenico},
issn		= {0027-8424},
journal	= {Proc. Natl. Acad. Sci. U.S.A.},
number	= {9},
pages		= {2658-2663},
title		= {{Defining and identifying communities in networks.}},
volume	= {101},
year		= {2004}
}


@article{raichle2001,
author	= {Raichle, M E and MacLeod, A M and Snyder, A Z and Powers, 
W J and Gusnard, D A and Shulman, G L},
issn		= {0027-8424},
journal	= {Proc. Natl. Acad. Sci. U.S.A.},
pages		= {676--682},
title		= {{A default mode of brain function.}},
volume	= {98},
year		= {2001}
}


@article{reichardt2006,
title		= {Statistical mechanics of community detection},
author	= {Reichardt, J\"org and Bornholdt, Stefan},
journal	= {Phys. Rev. E},
volume	= {74},
issue		= {1},
pages		= {016110},
numpages	= {14},
publisher	= {American Physical Society},
year		= {2006}
}


@article{ronhovde2010,
author = {Ronhovde, Peter and Nussinov, Zohar},
doi = {10.1103/PhysRevE.81.046114},
issn = {15393755},
journal = {Phys. Rev. E},
number = {4},
pages = {1--15},
pmid = {20481793},
title = {{Local resolution-limit-free Potts model for community detection}},
volume = {81},
year = {2010}
}


@article{ronhovde2009,
author = {Ronhovde, Peter and Nussinov, Zohar},
doi = {10.1103/PhysRevE.80.016109},
issn = {15393755},
journal = {Phys. Rev. E},
number = {1},
pages = {1--18},
pmid = {19658776},
title = {{Multiresolution community detection for megascale networks by information-based replica correlations}},
volume = {80},
year = {2009}
}


@article{rosvall2008,
author	= {Rosvall, Martin and Bergstrom, Carl T},
issn		= {1091-6490},
journal	= {Proc. Natl. Acad. Sci. U.S.A.},
number	= {4},
pages		= {1118-1123},
title		= {{Maps of random walks on complex networks reveal community 
structure.}},
volume	= {105},
year		= {2008}
}


@article{roy2009,
author	= {Roy, Amy Krain and Shehzad, Zarrar and Margulies, Daniel S 
and Kelly, A M Clare and Uddin, Lucina Q and Gotimer, 
Kristin and Biswal, Bharat B and Castellanos, F Xavier and 
Milham, Michael P},
issn		= {1095-9572},
journal	= {Neuroimage},
number	= {2},
pages		= {614-626},
title		= {{Functional connectivity of the human amygdala using 
resting state fMRI.}},
volume	= {45},
year		= {2009}
}


@article{rubinov2010,
author	= {Rubinov, Mikail and Sporns, Olaf},
issn		= {1095-9572},
journal	= {Neuroimage},
number	= {3},
pages		= {1059-1069},
publisher	= {Elsevier Inc.},
title		= {{Complex network measures of brain connectivity: uses and 
interpretations.}},
volume	= {52},
year		= {2010}
}


@article{rubinov2011,
author	= {Rubinov, Mikail and Sporns, Olaf},
issn		= {1095-9572},
journal	= {Neuroimage},
number	= {4},
pages		= {2068-2079},
publisher	= {Elsevier Inc.},
title		= {{Weight-conserving characterization of complex functional 
brain networks}},
volume	= {56},
year		= {2011}
}


@article{salvador2005,
author	= {Salvador, Raymond and Suckling, John and Schwarzbauer, 
Christian and Bullmore, Ed},
issn		= {0962-8436},
journal	= {Philos. Trans. R. Soc. Lond. B. Biol. Sci.},
number	= {1457},
pages		= {937-946},
title		= {{Undirected graphs of frequency-dependent functional 
connectivity in whole brain networks.}},
volume	= {360},
year		= {2005}
}


@article{saramaki2007,
author	= {Saram\"{a}ki, Jari and Kivel\"{a}, Mikko and Onnela, 
Jukka-Pekka and Kaski, Kimmo and Kert\'{e}sz, J\'{a}nos},
issn		= {1539-3755},
journal	= {Phys. Rev. E},
number	= {2},
pages		= {027105},
title		= {{Generalizations of the clustering coefficient to weighted 
complex networks}},
volume	= {75},
year		= {2007}
}


@article{schwarz2008,
archiveprefix	= {arXiv},
arxivid	= {arXiv:q-bio.NC/0701041v2},
author	= {Schwarz, Adam J and Gozzi, Alessandro and Bifone, Angelo},
issn		= {0730-725X},
journal	= {Magn. Reson. Imaging},
number	= {7},
pages		= {914-920},
primaryclass	= {arXiv:q-bio.NC},
title		= {{Community structure and modularity in networks of 
correlated brain activity.}},
volume	= {26},
year		= {2008}
}

@article{Schwarz2007,
author = {Schwarz, Adam J and Gozzi, Alessandro and Reese, Torsten and Bifone, Angelo},
doi = {10.1002/mrm.21179},
issn = {1522-2594},
journal = {Magn. Reson. Med.},
keywords = { amphetamine, cluster analysis, functional connectivity, rat,phMRI},
number = {4},
pages = {704--713},
publisher = {Wiley Subscription Services, Inc., A Wiley Company},
title = {{Functional connectivity in the pharmacologically activated brain: Resolving networks of correlated responses to d-amphetamine}},
url = {http://dx.doi.org/10.1002/mrm.21179},
volume = {57},
year = {2007}
}

@article{seghier2013,
author = {Seghier, Mohamed L},
issn = {1089-4098},
journal = {Neuroscientist},
number = {1},
pages = {43--61},
title = {{The angular gyrus: multiple functions and multiple subdivisions.}},
volume = {19},
year = {2013}
}


@article{smith2009,
author = {Smith, Stephen M and Fox, Peter T and Miller, Karla L and Glahn, David C and Fox, P Mickle and Mackay, Clare E and Filippini, Nicola and Watkins, Kate E and Toro, Roberto and Laird, Angela R and Beckmann, Christian F},
issn = {1091-6490},
journal = {Proc. Natl. Acad. Sci. U.S.A.},
keywords = {Adult,Brain,Brain Mapping,Brain: physiology,Humans,Magnetic Resonance Imaging,Nerve Net,Nerve Net: physiology},
month = aug,
number = {31},
pages = {13040--13045},
pmid = {19620724},
title = {{Correspondence of the brain's functional architecture during activation and rest.}},
volume = {106},
year = {2009}
}


@article{sporns2007,
author = {Sporns, Olaf and Honey, Christopher J and K\"{o}tter, Rolf},
doi = {10.1371/journal.pone.0001049},
isbn = {0011-3891},
issn = {1932-6203},
journal = {PloS {ONE}},
number = {10},
pages = {e1049},
pmid = {17940613},
title = {{Identification and classification of hubs in brain networks.}},
volume = {2},
year = {2007}
}


@article{swanson1977,
author = {Swanson, L W and Cowan, W M},
issn = {0021-9967},
journal = {J. Comp. Neurol.},
pages = {49--84},
title = {{An autoradiographic study of the organization of the efferent connections of the hippocampal formation in the rat.}},
volume = {172},
year = {1977}
}


@article{palla2005,
author = {Palla, Gergely and Der\'{e}nyi, Imre and Farkas, Ill\'{e}s and Vicsek, Tam\'{a}s},
doi = {10.1038/nature03607},
issn = {1476-4687},
journal = {Nature},
keywords = {Community Networks,Humans,Internet,Models, Biological,Nature,Protein Binding,Saccharomyces cerevisiae,Saccharomyces cerevisiae: metabolism},
month = jun,
number = {7043},
pages = {814--818},
pmid = {15944704},
title = {{Uncovering the overlapping community structure of complex networks in nature and society.}},
volume = {435},
year = {2005}
}


@article{ahn2010,
archivePrefix = {arXiv},
author = {Ahn, Yong-Yeol and Bagrow, James P and Lehmann, Sune},
doi = {10.1038/nature09182},
isbn = {0028-0836},
issn = {0028-0836},
journal = {Nature},
number = {7307},
pages = {761--764},
pmid = {20562860},
title = {{Link communities reveal multiscale complexity in networks.}},
volume = {466},
year = {2010}
}


@book{cover2006,
author = {Cover, Thomas M. and Thomas, Joy A.},
title = {Elements of Information Theory (Wiley Series in Telecommunications and Signal Processing)},
year = {2006},
isbn = {0471241954},
publisher = {Wiley-Interscience},
}


@article{misic2014,
author = {Mi\v{s}i\'{c}, Bratislav and Go\~{n}i, Joaqu\'{\i}n and Betzel, Richard F. and Sporns, Olaf and McIntosh, Anthony R.},
editor = {Daunizeau, Jean},
issn = {1553-7358},
journal = {PLoS Comput. Biol.},
month = {dec},
number = {12},
pages = {e1003982},
publisher = {Public Library of Science},
title = {{A Network Convergence Zone in the Hippocampus}},
volume = {10},
year = {2014}
}


@article{tomasi2011,
author = {Tomasi, Dardo and Volkow, Nora D},
issn = {1460-2199},
journal = {Cereb. Cortex},
pages = {2003--2013},
title = {{Association between Functional Connectivity Hubs and Brain Networks.}},
volume = {21},
year = {2011}
}


@article{traag2011,
author	= {Traag, V.A. and {Van Dooren}, P. and Nesterov, Y.},
issn		= {1539-3755},
journal	= {Phys. Rev. E},
number	= {1},
pages		= {016114},
title		= {{Narrow scope for resolution-limit-free community 
detection}},
volume	= {84},
year		= {2011}
}


@article{traag2013,
author	= {Traag, V.A and Krings, G and {Van Dooren}, P},
issn		= {2045-2322},
journal	= {Sci. Rep.},
pages		= {2930},
title		= {{Significant scales in community structure.}},
volume	= {3},
year		= {2013}
}


@article{traag2015,
arxivId = {1503.0044},
author = {Traag, V. A. and Aldecoa, R. and Delvenne, J.-C.},
doi = {10.1103/PhysRevE.92.022816},
issn = {1539-3755},
journal = {Phys. Rev. E},
month = {aug},
number = {2},
pages = {022816},
title = {{Detecting communities using asymptotical surprise}},
volume = {92},
year = {2015}
}


@article{tzourio2002,
author	= {Tzourio-Mazoyer, N and Landeau, B and Papathanassiou, D 
and Crivello, F and Etard, O and Delcroix, N and Mazoyer, B 
and Joliot, M},
issn		= {1053-8119},
journal	= {Neuroimage},
pages		= {273--289},
title		= {{Automated anatomical labeling of activations in SPM using 
a macroscopic anatomical parcellation of the MNI MRI 
single-subject brain.}},
volume	= {15},
year		= {2002}
}


@article{utevsky2014,
author = {Utevsky, Amanda V and Smith, David V and Huettel, Scott a},
isbn = {1529-2401 (Electronic) 
0270-6474 (Linking)},
issn = {1529-2401},
journal = {J. Neurosci.},
pages = {932--40},
pmid = {24431451},
title = {{Precuneus is a functional core of the default-mode network.}},
volume = {34},
year = {2014}
}


@article{vandenheuvel2010,
author	= {van den Heuvel, Martijn P and {Hulshoff Pol}, Hilleke E},
issn		= {1873-7862},
journal	= {Eur. Neuropsychopharmacol.},
number	= {8},
pages		= {519-534},
title		= {{Exploring the brain network: a review on resting-state 
fMRI functional connectivity.}},
volume	= {20},
year		= {2010}
}


@article{wimp1983,
annote = {Hypergeometric distribution function},
author = {Wimp, Jet},
doi = {10.1016/0898-1221(83)90124-4},
issn = {08981221},
journal = {Comput. Math. with Appl.},
keywords = {hypergeometric distribution},
month = jan,
number = {5},
pages = {669--678},
title = {{Irreducible recurrences and representation theorems for 3F2(1)}},
volume = {9},
year = {1983}
}


@article{xia2013,
author	= {Xia, Mingrui and Wang, Jinhui and He, Yong},
issn		= {1932-6203},
journal	= {PLoS {ONE}},
number	= {7},
pages		= {e68910},
title		= {{BrainNet Viewer: a network visualization tool for human 
brain connectomics.}},
volume	= {8},
year		= {2013}
}


@article{zeki1998,
author	= {Zeki, S and Bartels, a},
issn		= {0962-8436},
journal	= {Philos. Trans. B},
number	= {1377},
pages		= {1911--1914},
title		= {{The autonomy of the visual systems and the modularity of 
conscious vision.}},
volume	= {353},
year		= {1998}
}


@article{wang2010,
author = {Wang, Jinhui and Zuo, Xinian and He, Yong},
doi = {10.3389/fnsys.2010.00016},
isbn = {1662-5137 (Electronic)$\backslash$n1662-5137 (Linking)},
issn = {1662-5137},
journal = {Front. Syst. Neurosci.},
keywords = {functional connectivity,functional mri,graph theory,human connectome,resting-state,small-world},
number = {June},
pages = {16},
pmid = {20589099},
title = {{Graph-based network analysis of resting-state functional MRI.}},
volume = {4},
year = {2010}
}


@article{hilgetag2000a,
author = {Hilgetag, C C and Burns, G A and O'Neill, M A and Scannell, J W and Young, M P},
doi = {10.1098/rstb.2000.0551},
isbn = {0962-8436 (Print)},
issn = {0962-8436},
journal = {Philos. Trans. R. Soc. Lond. B. Biol. Sci.},
number = {1393},
pages = {91--110},
pmid = {10703046},
title = {{Anatomical connectivity defines the organization of clusters of cortical areas in the macaque monkey and the cat.}},
volume = {355},
year = {2000}
}


@article{hilgetag2000b,
author = {Hilgetag, C C and O'Neill, M a and Young, M P},
doi = {10.1098/rstb.2000.0550},
isbn = {0962-8436 (Print)},
issn = {0962-8436},
journal = {Phil Trans R Soc B},
keywords = {anatomical connectivity,cortical layers,evolutionary optimization,visual hierarchy},
number = {1393},
pages = {71--89},
pmid = {10703045},
title = {{Hierarchical organization of macaque and cat cortical sensory systems explored with a novel network processor.}},
volume = {355},
year = {2000}
}


@article{yeo2011,
author = {{Thomas Yeo}, B T and Krienen, Fenna M and Sepulcre, Jorge and Sabuncu, Mert R and Lashkari, Danial and Hollinshead, Marisa and Roffman, Joshua L and Smoller, Jordan W and Z\"{o}llei, Lilla and Polimeni, Jonathan R and Fischl, Bruce and Liu, Hesheng and Buckner, Randy L},
doi = {10.1152/jn.00338.2011},
isbn = {1522-1598 (Electronic)$\backslash$r0022-3077 (Linking)},
issn = {1522-1598},
journal = {J. Neurophysiol.},
number = {3},
pages = {1125--1165},
pmid = {21653723},
title = {{The organization of the human cerebral cortex estimated by intrinsic functional connectivity}},
volume = {106},
year = {2011}
}


@article{kullback1951,
author = {Kullback, S. and Leibler, R. A.},
doi = {10.1214/aoms/1177729694},
isbn = {00034851},
issn = {0003-4851},
journal = {Ann. Math. Stat.},
number = {1},
pages = {79--86},
pmid = {10896709},
title = {{On Information and Sufficiency}},
volume = {22},
year = {1951}
} 
 
 
%% BIBLIO CECILE
}


@article{Beckmann2004,
author	= "Beckmann, Christian F. and Smith, Stephen M.",
title		= "Probabilistic {I}ndependent {C}omponent {A}nalysis for {F}unctional {M}agnetic {R}esonance {I}maging",
journal	= "{IEEE} {T}ransactions on {M}edical {I}maging",
volume	= "23",
number	= "2",
pages	= "137--52",
year	= "2004"
}


@article{Calhoun2001,
author	= "Calhoun, Vince D. and Adali, T{\"{u}}lay. and Pearlson, Godfrey D. and Pekar, Jim J.",
title		= "A method for making group inferences from functional MRI data using independent component analysis.",
journal	= "Human brain mapping",
volume	= "14",
number	= "3",
pages	= "140--51",
year	= "2001"
}


@article{Cetin2014,
title = "Thalamus and posterior temporal lobe show greater inter-network connectivity at rest and across sensory paradigms in schizophrenia ",
journal = "NeuroImage ",
volume = "97",
number = "",
pages = "117 - 126",
year = "2014",
author = "Mustafa S. \c{C}etin and Fletcher Christensen and Christopher C. Abbott and Julia M. Stephen and Andrew R. Mayer and Jos√© M. Ca√±ive and Juan R. Bustillo and Godfrey D. Pearlson and Vince D. Calhoun"
}


@misc{COBRE,
title = {COINS},
howpublished = {\url{http://coins.mrn.org/dx}}
} 
 
%%%%%%%%%%%%%% 
%% F 
%%%%%%%%%%%%%
}


@inbook{Frackowiak97,
author	= "Frackowiak, Richard S. J. and Friston,  Karl J. and Frith, Christopher D.  and Dolan, Raymond J. and Mazziotta, John C",
booktitle	= "{H}uman {B}rain {F}unction",
publisher	= "Academic Press USA",
year	= "1997"
}


@article{Friston2003,
author	= "Friston, Karl J. and Harrison, Lee and Penny, Will D.",
title		= "Dynamic {C}ausal {M}odelling",
journal	= "{N}euro{I}mage",
volume	= "19",
number	= "4",
pages	= "1273--302",
year	= "2003"
} 
 
%%%%%%%%%%%%%% 
%% G 
%%%%%%%%%%%%%
}


@article{Goerdt2001,
author = "Goerdt, Andreas",
title = {"{T}he giant component threshold for random regular graphs with edge faults"},
journal = "{Theoretical Computer Science}",
volume = "259",
number = "1‚Äì2",
pages = "307 - 321",
year = "2001",
note = "",
issn = "0304-3975",
doi = "http://dx.doi.org/10.1016/S0304-3975(00)00015-3"
}


@article{Golland2007,
author	= "Golland, Yulia and Bentin, Shlomo and Gelbard, Hagar and Benjamini, Yoav and Heller, Ruth and Nir, Yuval and Hasson, Uri and Malach, Rafael",
title		= "{Extrinsic and {I}ntrinsic {S}ystems in the {P}osterior {C}ortex of the {H}uman {B}rain {R}evealed during {N}atural {S}ensory {S}timulation}",
journal	= "Cerebral Cortex",
volume	= "17",
number	= "4",
pages	= "766--77",
year	= "2007"
}


@article{Gusnard2001,
author	= "Gusnard, Debra A. and Raichle, Marcus E.",
title		= "{Searching for a baseline: {F}unctional imaging and the resting human brain}",
journal	= "Nature Reviews Neuroscience",
volume	= "2",
number	= "10",
pages	= "685--94",
year	= "2001"
} 
 
 
%%%%%%%%%%%%%% 
%% H 
%%%%%%%%%%%%%
}


@article{Hanson2009,
author	= "Hanson, Stephen Jose  and Gagliardi,  Alessandro D. and Hanson, Catherine",
title		= "Solving the brain synchrony eigenvalue problem: conservation of temporal dynamics (fMRI) over subjects doing the same task",
journal	= "Journal of Computational Neuroscience",
volume	= "27",
number	= "1",
pages	= "103--14",
year	= "2009"
}


@article{Hasson2004,
author	= "Hasson, Uri and Nir, Yuval and Levy, Ifat and Fuhrmann, Galit and Malach, Rafael",
title		= "Intersubject synchronization of cortical activity during natural vision.",
journal	= "Science",
volume	= "303",
number	= "5664",
pages	= "1634--40",
year	= "2004"
}


@article{Hasson2010,
author	= "Hasson, Uri and Malach, Rafael and Heeger, David J.",
title		= "Reliability of cortical activity during natural stimulation.",
journal	= "Trends in cognitive sciences",
volume	= "14",
number	= "1",
pages	= "40--8",
year	= "2010"
}


@article{Higham1988,
title = "Computing a nearest symmetric positive semidefinite matrix ",
author = "Higham, Nicholas J. ",
journal = "Linear Algebra and its Applications ",
volume = "103",
number = "",
pages = "103--18",
year = "1988",
issn = "0024-3795",
doi = "http://dx.doi.org/10.1016/0024-3795(88)90223-6",
}


@article{Higham2002,
author = "Higham, Nicholas J.",
title = "Computing the nearest correlation matrix ‚Äî a problem from finance",
volume = "22",
number = "3",
pages = "329--43",
year = "2002",
journal = "IMA Journal of Numerical Analysis"
}


@article{Jaaskelainen2008,
author	= "J{\"{a}\"{a}}skel{\"{a}}inen, Iiro P and Koskentalo, Katri and Balk, Marja H and Autti, Taina and Kauram{\"{a}}ki, Jaakko and Pomren, Cajus and Sams, Mikko",
title		= "Inter-subject synchronization of prefrontal cortex hemodynamic activity during natural viewing.",
journal	= "Open Neuroimag J",
volume	= "2",
pages	= "14--9",
year	= "2008"
}


@article{KauppiJ2010,
author	= "Kauppi, Jukka-Pekka  and J√§√§skel√§inen, Iiro P. and  Sams, Mikko and Tohka, Jussi ",
title		= "Inter-subject correlation of brain hemodynamic responses during watching a movie: localization in space and frequency",
journal	= "Frontiers in Neuroinformatics",
year	= "2010",
volume	= "4",
pages	= "5"
}


@article {Kruger2011,
author = "Kr{\"u}ger, Gunnar and Glover, Gary H.",
title = "Physiological noise in oxygenation-sensitive magnetic resonance imaging",
journal = "Magnetic Resonance in Medicine",
volume = "46",
number = "4",
publisher = "John Wiley & Sons, Inc.",
issn = "1522-2594",
doi = "10.1002/mrm.1240",
pages = "631--7",
year = "2001"
}


@article{Liao2011,
author	= "Liao, Wei and Ding, Jurong and Marinazzo, Daniele and Xu, Qiang and Wang, Zhengge and Yuan, Cuiping and Zhang, Zhiqiang and Lu, Guangming and Chen, Huafu",
title		= "Small-world directed networks in the human brain: multivariate Granger causality analysis of resting-state fMRI.",
journal	= "NeuroImage",
volume	= "54",
number	= "4",
year	= "2011",
pages	= "2683--94"
}


@article{Mckeown1998,
author	= "Mckeown, Martin J. and Makeig, Scott and Brown, Greg G. and Jung, Tzyy-Ping and Kindermann, Sandra S. and Bell, Anthony J. and Sejnowski, Terrence J.",
title		= "Analysis of fMRI data by blind separation into independent spatial components.",
journal	= "Human Brain Mapping",
volume	= "6",
number	= "3",
pages	= "160--88",
year	= "1998"
}


@article{Nardo2011,
author	= "Nardo, Davide and Santangelo, Valerio and Macaluso, Emiliano",
title		= "Stimulus-driven orienting of visuo-spatial attention in complex dynamic environments.",
journal	= "Neuron",
volume	= "69",
number	= "5",
pages	= "1015--28",
year	= "2011"
}


@article{Nicolini2016,
title={Modular structure of brain functional networks: breaking the resolution limit by Surprise},
author={Nicolini, Carlo and Bifone, Angelo},
journal={Sci.Rep.},
volume={6},
pages={19250},
year={2016},
publisher={Nature Publishing Group}
}


@article{Pourahmadi1999,
author = "Pourahmadi, M.",
title = "Joint mean-covariance models with applications to longitudinal data: unconstrained parameterisation",
volume = "86",
number = "3",
pages = "677--90",
year = "1999",
doi = "10.1093/biomet/86.3.677",
journal = "Biometrika"
}


@article{Richiardi2011,
author	= "Richiardi, Jonas and Eryilmaz, Hamdi and Schwartz, Sophie and Vuilleumier, Patrik and Van De Ville, Dimitri",
title		= "Decoding brain states from fMRI connectivity graphs.",
journal	= "Neuroimage",
volume	= "56",
number	= "2",
pages	= "616-26",
year	= "2011"
}


@article{Salvador2005,
author	= "Salvador, Raymond and Suckling, John and Schwarzbauer, Christian and Bullmore, Ed",
title		= "Undirected graphs of frequency-dependent functional connectivity in whole brain networks.",
journal	= "Philosophical transactions of the Royal Society of London. Series B, Biological sciences",
volume	= "360",
number	= "1457",
pages	= "937--46",
year	= "2005"
}


@article{Sporns2000,
author	= "Sporns, Olaf and Tononi, Giulio and Edelman, Gerald M.",
title		= "Connectivity and complexity: the relationship between neuroanatomy and brain dynamics.",
journal	= "Neural networks : the official journal of the International Neural Network Society",
volume	= "13",
number	= "8-9",
pages	= "909--22",
year	= "2000"
}


@article{VanDenHeuvel2014,
title="Brain Networks in Schizophrenia",
author="van den Heuvel, MartijnP. and Fornito, Alex",
journal="Neuropsychology Review",
volume="24",
number="1",
publisher="Springer US",
pages="32-48",
year="2014"
}


@article{Welvaert2011,
author = "Welvaert, Marijke and Durnez, Joke and Moerkerke, Beatrijs and Berdoolaege, Geert and Rosseel, Yves",
title = "neu{R}osim: An R Package for Generating fMRI Data",
journal = "Journal of Statistical Software",
volume = "44",
number = "1",
year = "2011",
issn = "1548-7660",
pages = "1--18",
doi = "10.18637/jss.v044.i10",
}


@article{Welvaert2013,
author = "Welvaert, Marijke and Rosseel, Yves",
journal = "PLoS ONE",
publisher = "Public Library of Science",
title = "On the Definition of Signal-To-Noise Ratio and Contrast-To-Noise Ratio for fMRI Data",
year = "2013",
month = "11",
volume = "8",
pages = "e77089",
number = "11",
doi = "10.1371/journal.pone.0077089"
}


@article{Windischberger2008,
author	= "Windischberger, Christian and Cunnington, Ross and Lamm, Claus and Lanzenberger, Rupert and Langenberger, Herbert and Deecke, L{\"{u}}der and Bauer, Herbert and Moser, Ewald",
title		= "Time-resolved analysis of fMRI signal changes using Brain Activation Movies.",
journal	= "Journal of neuroscience methods",
volume	= "169",
number	= "1",
pages	= "222--30",
year	= "2008"
}


@article{igraph2006,
title = {The igraph software package for complex network research},
author = {Gabor Csardi and Tamas Nepusz},
journal = {InterJournal},
volume = {Complex Systems},
pages = {1695},
year = {2006}
}


@article{neurosim2011,
title = {{neuRosim}: An {R} Package for Generating fMRI Data},
author = {Marijke Welvaert and Joke Durnez and Beatrijs Moerkerke 
and Geert Verdoolaege and Yves Rosseel},
journal = {Journal of Statistical Software},
year = {2011},
volume = {44},
number = {10},
pages = {1--18}
}


@book{golub2006,
address = {Baltimore, MD, USA},
author = {Golub, Gene H. and Van Loan, Charles F.},
isbn = {0801854148},
keywords = {algebra, book, computation, numerical},
priority = {2},
publisher = {Johns Hopkins University Press},
title = {{Matrix computations (3rd ed.)}},
year = {1996}
}


@article{vandenheuvel2011,
author = {van den Heuvel, Martijn P. and Sporns, Olaf},
doi = {10.1523/JNEUROSCI.3539-11.2011},
isbn = {1529-2401 (Electronic)$\backslash$r0270-6474 (Linking)},
issn = {0270-6474},
journal = {J. Neurosci.},
number = {44},
pages = {15775--15786},
pmid = {22049421},
title = {{Rich-Club Organization of the Human Connectome}},
volume = {31},
year = {2011}
}

@article{vandenheuvel2008,
  title={Small-world and scale-free organization of voxel-based resting-state functional connectivity in the human brain},
  author={van den Heuvel, Martijn P and Stam, Cornelis J and Boersma, Maria and Pol, HE Hulshoff},
  journal={Neuroimage},
  volume={43},
  number={3},
  pages={528--539},
  year={2008},
  publisher={Elsevier}
}

@book{Tsybakov:2008,
author = {Tsybakov, Alexandre B.},
title = {Introduction to Nonparametric Estimation},
year = {2008},
isbn = {0387790519, 9780387790510},
edition = {1st},
publisher = {Springer Publishing Company, Incorporated},
}


@article{jaccard1901,
author = {Jaccard, Paul},
journal = {Bulletin del la Soci\'{e}t\'{e} Vaudoise des Sciences Naturelles},
keywords = {similarity},
pages = {547--579},
timestamp = {2012-06-07T11:09:06.000+0200},
title = {\'{E}tude comparative de la distribution florale dans une portion des Alpes et des Jura},
volume = 37,
year = 1901
}


@article{Gudbjartsson1995,
author = {Gudbjartsson, H. and Patz, S.},
doi = {10.1002/mrm.1910340618},
isbn = {2122633255},
issn = {07403194},
journal = {Magn. Reson. Med.},
keywords = {Gaussian,Rayleigh,Rician,noise},
number = {6},
pages = {910--914},
pmid = {1000000221},
title = {{The Rician distribution of noisy MRI data}},
volume = {34},
year = {1995}
}


@article{callaway2000,
archivePrefix = {arXiv},
arxivId = {cond-mat/0007300},
author = {Callaway, Duncan S. and Newman, M. E J and Strogatz, Steven H. and Watts, Duncan J.},
doi = {10.1103/PhysRevLett.85.5468},
isbn = {0031-9007},
issn = {00319007},
journal = {Phys. Rev. Lett.},
number = {25},
pages = {5468--5471},
pmid = {11136023},
primaryClass = {cond-mat},
title = {{Network robustness and fragility: percolation on random graphs}},
volume = {85},
year = {2000}
}


@book{Bollobas2009,
author = {Bollob{\'{a}}s, B{\'{e}}la and Kozma, R and Mikl{\'{o}}s, D and T{\'{a}}rsulat, Bjm},
booktitle = {Book},
doi = {10.1007/978-3-540-69395-6},
isbn = {9783540693949},
title = {{Handbook of large-scale random networks}},
year = {2009}
}


@article{vinh2010,
author = {Vinh, Nguyen Xuan and Epps, Julien and Bailey, James},
doi = {10.1182/blood-2008-03-145946},
isbn = {9781605585161},
issn = {15280020},
journal = {J. Mach. Learn. Res.},
keywords = {adjustment for chance,clustering comparison,information theory,normalized infor-},
pages = {2837--2854},
pmid = {18544681},
title = {{Information theoretic measures for clusterings comparison: Variants, properties, normalization and correction for chance}},
volume = {11},
year = {2010}
}

@article{Evans2013,
author = {Evans, Alan C.},
doi = {10.1016/j.neuroimage.2013.05.054},
isbn = {1095-9572 (Electronic)$\backslash$n1053-8119 (Linking)},
issn = {10538119},
journal = {Neuroimage},
keywords = {Connectivity,Cortical thickness,Structural covariance},
pages = {489--504},
pmid = {23711536},
title = {{Networks of anatomical covariance}},
volume = {80},
year = {2013}
}

@article{coleman1964,
  title={Introduction to mathematical sociology.},
  author={Coleman, James Samuel and others},
  journal={London Free Press Glencoe.},
  year={1964}
}

@article{Girvan2002a,
archivePrefix = {arXiv},
arxivId = {cond-mat/0112110},
author = {Girvan, M and Newman, M E J},
doi = {10.1073/pnas.122653799},
isbn = {0027-8424},
issn = {0027-8424},
journal = {Proc. Natl. Acad. Sci. U. S. A.},
number = {12},
pages = {7821--6},
pmid = {12060727},
primaryClass = {cond-mat},
title = {{Community structure in social and biological networks.}},
volume = {99},
year = {2002}
}


@article{Park2013,
author = {Park, Hae-Jeong and Friston, Karl},
doi = {10.1126/science.1238411},
issn = {1095-9203},
journal = {Science},
keywords = {Brain,Brain: physiology,Brain: ultrastructure,Cognition,Cognition: physiology,Humans,Models, Neurological,Nerve Net,Nerve Net: physiology,Nerve Net: ultrastructure},
month = {nov},
number = {6158},
pages = {1238411},
pmid = {24179229},
title = {{Structural and functional brain networks: from connections to cognition.}},
volume = {342},
year = {2013}
}

% utilizza infomap
@article{Power2011,
author = {Power, Jonathan D. and Cohen, Alexander L. and Nelson, Steven M. and Wig, Gagan S. and Barnes, Kelly Anne and Church, Jessica A. and Vogel, Alecia C. and Laumann, Timothy O. and Miezin, Fran M. and Schlaggar, Bradley L. and Petersen, Steven E.},
doi = {10.1016/j.neuron.2011.09.006},
issn = {08966273},
journal = {Neuron},
number = {4},
pages = {665--678},
pmid = {22099467},
publisher = {Elsevier Inc.},
title = {{Functional Network Organization of the Human Brain}},
volume = {72},
year = {2011}
}

@article{Stam2014,
author = {Stam, Cornelis J.},
doi = {10.1038/nrn3801},
issn = {1471-003X},
journal = {Nat. Rev. Neurosci.},
month = {sep},
number = {10},
pages = {683--695},
publisher = {Nature Publishing Group},
title = {{Modern network science of neurological disorders}},
volume = {15},
year = {2014}
}

@article{Tijms2013,
author = {Tijms, Betty M. and Wink, Alle Meije and de Haan, Willem and van der Flier, Wiesje M. and Stam, Cornelis J. and Scheltens, Philip and Barkhof, Frederik},
doi = {10.1016/j.neurobiolaging.2013.02.020},
isbn = {0197-4580},
issn = {01974580},
journal = {Neurobiol. Aging},
keywords = {Brain networks,Connectivity,DTI,Dementia,EEG,Graph theory,MEG,MRI},
number = {8},
pages = {2023--2036},
pmid = {23541878},
publisher = {Elsevier Ltd},
title = {{Alzheimer's disease: connecting findings from graph theoretical studies of brain networks}},
volume = {34},
year = {2013}
}
@article{Balenzuela2010,
author = {Balenzuela, Pablo and Chernomoretz, Ariel and Fraiman, Daniel and Cifre, Ignacio and Sitges, Carol and Montoya, Pedro and Chialvo, Dante R},
doi = {10.3389/fninf.2010.00116},
isbn = {1662-5196},
issn = {1662-5196},
journal = {Front. Neuroinform.},
keywords = {chronic pain,functional networks,module organization},
number = {November},
pages = {116},
pmid = {21206760},
title = {{Modular organization of brain resting state networks in chronic back pain patients.}},
volume = {4},
year = {2010}
}

@article{Danon2005,
archivePrefix = {arXiv},
arxivId = {cond-mat/0505245},
author = {Danon, L and D{\'{i}}az-Guilera, A and Duch, J and Arenas, A},
doi = {10.1088/1742-5468/2005/09/P09008},
isbn = {1742-5468},
issn = {1742-5468},
journal = {J. Stat. Mech. Theory Exp.},
keywords = {Analysis of algorithms,Network dynamics},
number = {9},
pages = {219--228},
title = {{Comparing community structure identification}},
volume = {09008},
year = {2005}
}

@article{peixoto_graph_tool_2014,
         title = {The graph-tool python library},
         url = {http://figshare.com/articles/graph_tool/1164194},
         doi = {10.6084/m9.figshare.1164194},
         urldate = {2014-09-10},
         journal = {figshare},
         author = {Peixoto, Tiago P.},
         year = {2014},
         keywords = {all, complex networks, graph, network, other}}

@article{Fornito2010,
author = {Fornito, Alex and Zalesky, Andrew and Bullmore, Edward T},
doi = {10.3389/fnsys.2010.00022},
issn = {1662-5137},
journal = {Frontiers in systems neuroscience},
keywords = {bold,complex,cortex,spontaneous},
month = {jan},
number = {June},
pages = {22},
pmid = {20592949},
title = {{Network scaling effects in graph analytic studies of human resting-state FMRI data.}},
volume = {4},
year = {2010}
}

@article{Eustace2015,
author = {Eustace, J and Wang, X Y and Cui, Y Z},
doi = {10.1016/j.physa.2015.05.044},
isbn = {0378-4371},
issn = {03784371},
journal = {Phys. a-Statistical Mech. Its Appl.},
keywords = {behavior science,community detection algorithms,complex networks,data mining,feedback control,identification,neighborhood ratio,neural-networks,systems},
pages = {665--677},
publisher = {Elsevier B.V.},
title = {{Community detection using local neighborhood in complex networks}},
volume = {436},
year = {2015}
}

@article{Rissanen1978,
author = {Rissanen, J.},
doi = {10.1016/0005-1098(78)90005-5},
issn = {00051098},
journal = {Automatica},
keywords = {Modeling,identification,parameter estimation,statistics,stochastic systems},
month = {sep},
number = {5},
pages = {465--471},
title = {{Modeling by shortest data description}},
volume = {14},
year = {1978}
}

@article{Gallos2012,
author = {Gallos, Lazaros K and Makse, Hern{\'{a}}n a and Sigman, Mariano},
doi = {10.1073/pnas.1106612109},
file = {:home/carlo/Documents/MendeleyLibrary/Gallos, Makse, Sigman/Proceedings of the National Academy of Sciences of the United States of America/Gallos, Makse, Sigman - A small world of weak ties provides optimal global integration of self-similar modules in functional brain netwo.pdf:pdf},
issn = {1091-6490},
journal = {Proc. Natl. Acad. Sci. U. S. A.},
keywords = {Brain,Brain: anatomy {\&} histology,Brain: physiology,Fractals,Humans,Models,Nerve Net,Nerve Net: physiology,Neurological},
month = {feb},
number = {8},
pages = {2825--30},
pmid = {22308319},
title = {{A small world of weak ties provides optimal global integration of self-similar modules in functional brain networks.}},
url = {http://www.pubmedcentral.nih.gov/articlerender.fcgi?artid=3286928{\&}tool=pmcentrez{\&}rendertype=abstract},
volume = {109},
year = {2012}
}

@article{Pereda2005a,
author = {Pereda, Ernesto and Quiroga, Rodrigo Quian and Bhattacharya, Joydeep},
doi = {10.1016/j.pneurobio.2005.10.003},
eprint = {0510077},
file = {:home/carlo/Documents/MendeleyLibrary/Pereda, Quiroga, Bhattacharya/Progress in Neurobiology/Pereda, Quiroga, Bhattacharya - Nonlinear multivariate analysis of neurophysiological signals - 2005.pdf:pdf},
isbn = {0301-0082},
issn = {03010082},
journal = {Prog. Neurobiol.},
keywords = {EEG,MEG,Multivariate time series,Nonlinear analysis,Spike trains,Surrogate data,Synchronization},
number = {1-2},
pages = {1--37},
pmid = {16289760},
primaryClass = {nlin},
title = {{Nonlinear multivariate analysis of neurophysiological signals}},
volume = {77},
year = {2005}
}

@misc{Sporns2004,
author = {Sporns, Olaf and Chialvo, Dante R. and Kaiser, Marcus and Hilgetag, Claus C.},
booktitle = {Trends Cogn. Sci.},
doi = {10.1016/j.tics.2004.07.008},
isbn = {1364-6613 (Print)$\backslash$n1364-6613 (Linking)},
issn = {13646613},
number = {9},
pages = {418--425},
pmid = {15350243},
title = {{Organization, development and function of complex brain networks}},
volume = {8},
year = {2004}
}

@unpublished{Nicolini2016b,
author={Nicolini, Carlo and Bordier, C{√©}cile and Bifone, Angelo},
title={Community detection in weighted brain connectivity networks beyond the resolution limit},
journal={Neuroimage},
note={submitted}
}

@article{Karrer2011,
archivePrefix = {arXiv},
arxivId = {1008.3926},
author = {Karrer, Brian and Newman, M. E J},
doi = {10.1103/PhysRevE.83.016107},
eprint = {1008.3926},
file = {:home/carlo/Documents/MendeleyLibrary/Karrer, Newman/Physical Review E - Statistical, Nonlinear, and Soft Matter Physics/Karrer, Newman - Stochastic blockmodels and community structure in networks - 2011.pdf:pdf},
isbn = {1539-3755},
issn = {15393755},
journal = {Phys. Rev. E - Stat. Nonlinear, Soft Matter Phys.},
number = {1},
pages = {1--10},
pmid = {21405744},
title = {{Stochastic blockmodels and community structure in networks}},
volume = {83},
year = {2011}
}

@article{Erdos1959,
abstract = {P. ErdH os, A. R nyi. Publ. Math. Debrecen, Vol. 6 (1959), pp. 290-297. bibtex-import network.},
archivePrefix = {arXiv},
arxivId = {1205.2923},
author = {Erd{\"{o}}s, P and R{\'{e}}nyi, a},
doi = {10.2307/1999405},
eprint = {1205.2923},
isbn = {ISSN{\~{}}{\~{}}0020-1383},
issn = {00029947},
journal = {Publ. Math.},
pages = {290--297},
pmid = {1205592},
title = {{On random graphs}},
volume = {6},
year = {1959}
}

@article{Watts1998,
archivePrefix = {arXiv},
arxivId = {0803.0939v1},
author = {Watts, D J and Strogatz, S H},
doi = {10.1038/30918},
eprint = {0803.0939v1},
isbn = {0028-0836},
issn = {0028-0836},
journal = {Nature},
keywords = {Animals,Caenorhabditis elegans,Caenorhabditis elegans: physiology,Communicable Diseases,Communicable Diseases: transmission,Games, Experimental,Models, Biological,Models, Neurological,Models, Theoretical,Nerve Net},
number = {6684},
pages = {440--2},
pmid = {9623998},
title = {{Collective dynamics of 'small-world' networks.}},
url = {http://www.ncbi.nlm.nih.gov/pubmed/9623998},
volume = {393},
year = {1998}
}

@article{Barabasi1999,
archivePrefix = {arXiv},
arxivId = {cond-mat/9910332},
author = {Barabasi, Albert-L{\'{a}}szl{\'{o}} and Albert, R{\'{e}}ka and Gallagher, R. and Appenzeller, T. and Albert, R. and Jeong, H. and Barab{\'{a}}si, A.-L. and Barab{\'{a}}si, A.-L. and Albert, R. and Jeong, H. and R{\'{e}}nyi, A. and Lawrence, S. and Giles, C. L. and Huberman, B. A. and Adamic, L. A. and Huberman, B. A. and Pirolli, P. L. T. and Pitkow, J. E. and Lukose, R. J. and Watts, D. J. and Strogatz, S. H. and Redner, S. and Milgram, S. and Barth{\'{e}}l{\'{e}}my, M. and Amaral, L. A. N. and Arthur, W. B. and Banavar, J. R. and Maritan, A. and Rinaldo, A.},
doi = {10.1126/science.286.5439.509},
eprint = {9910332},
isbn = {1095-9203 (Electronic)$\backslash$n0036-8075 (Linking)},
issn = {1095-9203},
journal = {Science},
number = {5439},
pages = {509--12},
pmid = {10521342},
primaryClass = {cond-mat},
title = {{Emergence of scaling in random networks}},
url = {http://www.ncbi.nlm.nih.gov/pubmed/10521342},
volume = {286},
year = {1999}
}

@book{Estrada2011,
 author = {Estrada, Ernesto},
 title = {The Structure of Complex Networks: Theory and Applications},
 year = {2011},
 isbn = {019959175X, 9780199591756},
 publisher = {Oxford University Press, Inc.},
 address = {New York, NY, USA},
} 



@article{Tumminello2010,
abstract = {We discuss some methods to quantitatively investigate the properties of correlation matrices. Correlation matrices play an important role in portfolio optimization and in several other quantitative descriptions of asset price dynamics in financial markets. Here, we discuss how to define and obtain hierarchical trees, correlation based trees and networks from a correlation matrix. The hierarchical clustering and other procedures performed on the correlation matrix to detect statistically reliable aspects of it are seen as filtering procedures of the correlation matrix. We also discuss a method to associate a hierarchically nested factor model to a hierarchical tree obtained from a correlation matrix. The information retained in filtering procedures and its stability with respect to statistical fluctuations is quantified by using the Kullback-Leibler distance.},
archivePrefix = {arXiv},
arxivId = {0809.4615},
author = {Tumminello, Michele and Lillo, Fabrizio and Mantegna, Rosario N.},
doi = {10.1016/j.jebo.2010.01.004},
eprint = {0809.4615},
file = {:home/carlo/Documents/MendeleyLibrary/Tumminello, Lillo, Mantegna/Journal of Economic Behavior and Organization/Tumminello, Lillo, Mantegna - Correlation, hierarchies, and networks in financial markets - 2010.pdf:pdf},
isbn = {0916615030},
issn = {01672681},
journal = {J. Econ. Behav. Organ.},
keywords = {Bootstrap validation,Correlation based networks,Factor models,Hierarchical clustering,Kullback-Leibler distance,Multivariate analysis},
number = {1},
pages = {40--58},
title = {{Correlation, hierarchies, and networks in financial markets}},
volume = {75},
year = {2010}
}

@article{Condon2000,
author = {Condon, Anne and Karp, Richard M},
file = {:home/carlo/Documents/MendeleyLibrary/Condon, Karp/Electrical Engineering/Condon, Karp - on the Planted Partition Model - 2000.pdf:pdf},
journal = {Electr. Eng.},
pages = {116--140},
title = {{on the Planted Partition Model}},
year = {2000}
}

@article{Mezard1990,
  title={Spin glass theory and beyond.},
  author={M{\'e}zard, Marc and Parisi, Giorgio and Virasoro, Miguel-Angel},
  year={1990},
  publisher={World Scientific Publishing Co., Inc., Pergamon Press}
}

@article{Fosdick2016,
archivePrefix = {arXiv},
arxivId = {1608.00607},
author = {Fosdick, Bailey K. and Larremore, Daniel B. and Nishimura, Joel and Ugander, Johan},
eprint = {1608.00607},
pages = {1--42},
title = {{Configuring Random Graph Models with Fixed Degree Sequences}},
url = {http://arxiv.org/abs/1608.00607},
year = {2016}
}

@article{Guimera2004,
author = {Guimer{\`{a}}, Roger and Sales-Pardo, Marta and Amaral, Lu{\'{i}}s},
doi = {10.1103/PhysRevE.70.025101},
issn = {1539-3755},
journal = {Phys. Rev. E},
month = {aug},
number = {2},
pages = {025101},
title = {{Modularity from fluctuations in random graphs and complex networks}},
url = {http://link.aps.org/doi/10.1103/PhysRevE.70.025101},
volume = {70},
year = {2004}
}

@book{newman2010book,
  title={Networks: An Introduction},
  author={Newman, M.},
  isbn={9780199206650},
  lccn={2010006011},
  url={https://books.google.it/books?id=q7HVtpYVfC0C},
  year={2010},
  publisher={OUP Oxford}
}

@article{DeReus2013a,
author = {de Reus, Marcel a and van den Heuvel, Martijn P},
doi = {10.1523/JNEUROSCI.1448-13.2013},
issn = {1529-2401},
journal = {J. Neurosci.},
month = {aug},
number = {32},
pages = {12929--39},
pmid = {23926249},
title = {{Rich club organization and intermodule communication in the cat connectome.}},
volume = {33},
year = {2013}
}


@article{VandenHeuvel2013a,
author = {van den Heuvel, Martijn P. and Sporns, Olaf},
doi = {10.1016/j.tics.2013.09.012},
isbn = {1364-6613},
issn = {13646613},
journal = {Trends Cogn. Sci.},
number = {12},
pages = {683--696},
pmid = {24231140},
publisher = {Elsevier Ltd},
title = {{Network hubs in the human brain}},
volume = {17},
year = {2013}
}

@article{sporns2002,
  title={Theoretical neuroanatomy and the connectivity of the cerebral cortex},
  author={Sporns, O and Tononi, G and Edelman, GM},
  journal={Behavioural brain research},
  volume={135},
  number={1},
  pages={69--74},
  year={2002},
  publisher={Elsevier}
}

@article{van2008small,
  title={Small-world and scale-free organization of voxel-based resting-state functional connectivity in the human brain},
  author={van den Heuvel, Martijn P and Stam, Cornelis J and Boersma, Maria and Pol, HE Hulshoff},
  journal={Neuroimage},
  volume={43},
  number={3},
  pages={528--539},
  year={2008},
  publisher={Elsevier}
}

@article{he2007,
  title={Small-world anatomical networks in the human brain revealed by cortical thickness from MRI},
  author={He, Yong and Chen, Zhang J and Evans, Alan C},
  journal={Cerebral cortex},
  volume={17},
  number={10},
  pages={2407--2419},
  year={2007},
  publisher={Oxford Univ Press}
}

@book{feller1968,
  title={An introduction to probability theory and its applications: volume I},
  author={Feller, William},
  volume={3},
  year={1968},
  publisher={John Wiley \& Sons London-New York-Sydney-Toronto}
}

@article{vandenheuvel2009,
  title={Efficiency of functional brain networks and intellectual performance},
  author={van den Heuvel, Martijn P and Stam, Cornelis J and Kahn, Ren{\'e} S and Pol, Hilleke E Hulshoff},
  journal={The Journal of Neuroscience},
  volume={29},
  number={23},
  pages={7619--7624},
  year={2009},
  publisher={Soc Neuroscience}
}

@article{harriger2012,
  title={Rich club organization of macaque cerebral cortex and its role in network communication},
  author={Harriger, Logan and Van Den Heuvel, Martijn P and Sporns, Olaf},
  journal={PloS one},
  volume={7},
  number={9},
  pages={e46497},
  year={2012},
  publisher={Public Library of Science}
}

@article{collin2014,
  title={Structural and functional aspects relating to cost and benefit of rich club organization in the human cerebral cortex},
  author={Collin, Guusje and Sporns, Olaf and Mandl, Ren{\'e} CW and van den Heuvel, Martijn P},
  journal={Cerebral cortex},
  volume={24},
  number={9},
  pages={2258--2267},
  year={2014},
  publisher={Oxford Univ Press}
}

@article{collin2014impaired,
  title={Impaired rich club connectivity in unaffected siblings of schizophrenia patients},
  author={Collin, Guusje and Kahn, Ren{\'e} S and de Reus, Marcel A and Cahn, Wiepke and van den Heuvel, Martijn P},
  journal={Schizophrenia bulletin},
  volume={40},
  number={2},
  pages={438--448},
  year={2014},
  publisher={MPRC}
}

@article{senden2014,
title = "Rich club organization supports a diverse set of functional network configurations ",
journal = "NeuroImage ",
volume = "96",
number = "",
pages = "174 - 182",
year = "2014",
note = "",
issn = "1053-8119",
doi = "http://dx.doi.org/10.1016/j.neuroimage.2014.03.066",
url = "http://www.sciencedirect.com/science/article/pii/S1053811914002274",
author = "Mario Senden and Gustavo Deco and Marcel A. de Reus and Rainer Goebel and Martijn P. van den Heuvel",
keywords = "Rich club",
keywords = "Functional repertoire",
keywords = "Connectivity",
keywords = "Spin glass model",
keywords = "Connectome "
}

@book{newman2010networks,
  title={Networks: an introduction},
  author={Newman, Mark},
  year={2010},
  publisher={Oxford university press}
}

@inproceedings{java2007we,
  title={Why we twitter: understanding microblogging usage and communities},
  author={Java, Akshay and Song, Xiaodan and Finin, Tim and Tseng, Belle},
  booktitle={Proceedings of the 9th WebKDD and 1st SNA-KDD 2007 workshop on Web mining and social network analysis},
  pages={56--65},
  year={2007},
  organization={ACM}
}

@article{leskovec2007dynamics,
  title={The dynamics of viral marketing},
  author={Leskovec, Jure and Adamic, Lada A and Huberman, Bernardo A},
  journal={ACM Transactions on the Web (TWEB)},
  volume={1},
  number={1},
  pages={5},
  year={2007},
  publisher={ACM}
}
@inproceedings{li2008tag,
  title={Tag-based social interest discovery},
  author={Li, Xin and Guo, Lei and Zhao, Yihong Eric},
  booktitle={Proceedings of the 17th international conference on World Wide Web},
  pages={675--684},
  year={2008},
  organization={ACM}
}
@article{saracc2012topology,
  title={Topology of functional networks predicts physical binding of proteins},
  author={Sara{\c{c}}, {\"O}mer Sinan and Pancaldi, Vera and B{\"a}hler, J{\"u}rg and Beyer, Andreas},
  journal={Bioinformatics},
  volume={28},
  number={16},
  pages={2137--2145},
  year={2012},
  publisher={Oxford Univ Press}
}